3000 5220
593 379 788 484 ...23-
868 326 953 393 '-

157 546 327 616 contineri
357 548 498 618 deberet
522 549 607 618 adeo
639 549 828 638 ignorasse,
853 547 946 618 utin
971 547 1021 618 eis
1039 547 1230 637 saepissime

156 671 407 734 cunctarentur
432 672 466 733 et
483 684 623 752 operam
641 666 812 746 luderent,
835 684 914 754 quae
933 663 1060 734 fabulae
1080 672 1172 735 recte
1187 665 1230 735 ad

156 779 287 848 exitum
310 782 556 868 promovendae
574 783 691 851 minus
707 784 919 852 conducunt.
934 785 1026 852 Nova
1050 783 1142 852 enim
1165 802 1230 852 co-

157 897 284 965 moedia
309 899 404 966 nulla
431 898 496 967 alia
526 899 636 989 magis
667 899 815 968 eminuit
840 900 986 982 virtute,
1009 919 1114 988 quam
1134 899 1229 987 quod

154 1011 353 1080 doctissime
370 1010 566 1082 fabularum
581 1019 785 1103 argumenta
805 1007 993 1097 ordinaret,
1021 1019 1054 1083 et
1074 1015 1117 1083 ad
1138 1012 1232 1081 simi·

153 1128 336 1198 litudinem
363 1131 434 1199 veri
458 1131 672 1216 disponeret,
700 1131 984 1219 praecipuamque
1010 1131 1093 1201 huic
1119 1131 1229 1199 labori

154 1261 273 1312 curam
306 1243 534 1332 impendisse
555 1246 787 1314 Menandrum
823 1245 976 1328 scimus,
1008 1247 1088 1334 qui,
1120 1266 1230 1335 quum
1312 1291 1316 1296 -

154 1378 294 1427 omnem
314 1359 514 1449 digessisset
533 1361 656 1430 seriem
679 1362 907 1449 ordinemque
928 1382 1057 1445 rerum,
1082 1369 1117 1432 et
1136 1363 1232 1432 velut

154 1473 349 1561 argumenti
376 1473 485 1544 lineas
511 1475 771 1563 descripsisset,
798 1473 984 1564 perfecisse
1010 1495 1047 1545 se
1074 1474 1228 1546 tabulam

153 1590 344 1661 dictitabat.
377 1594 598 1662 Menandreae
626 1594 731 1684 huJ‘us
762 1593 919 1676 virtutis,
949 1598 989 1662 ut
1015 1601 1226 1675 ceterarum,

153 1708 335 1777 Terentius
360 1709 491 1798 aliquid
515 1710 652 1780 videtur
676 1711 853 1792 retulisse,
882 1712 982 1801 cujus
1010 1709 1137 1780 fabulae
1164 1709 1226 1780 tibi

152 1827 344 1913 praesertim
369 1827 575 1915 placebunt,
603 1828 631 1894 si
661 1829 703 1896 ad
729 1846 901 1896 summam
928 1827 1043 1915 operis
1069 1835 1102 1895 et
1125 1848 1230 1916 argu-

154 1942 261 2011 menti
283 1943 453 2010 rationem
477 1948 623 2030 spectes.
648 1945 736 2012 Dum
758 1942 851 2011 enim
869 1941 958 2024 fixis,
978 1947 1017 2011 ut
1036 1941 1083 2010 ita
1101 1942 1225 2026 dicam,

153 2057 189 2125 in
217 2064 379 2126 eventum
407 2058 516 2125 oculis
540 2058 777 2148 progreditur,
806 2078 919 2146 neque
939 2057 1042 2126 citius
1066 2056 1225 2140 festinat,
1291 2153 1293 2157 ‚

153 2171 522 2266 nequenegligentius
548 2174 765 2256 immoratur,
793 2175 853 2243 sed
878 2181 971 2243 recta
997 2174 1148 2262 quadam
1172 2175 1226 2243 via

153 2296 187 2358 et
209 2289 373 2377 passibus
400 2291 509 2379 aequis
539 2292 678 2361 incedit.
703 2295 771 2362 Nec
792 2293 908 2362 minus
931 2294 1048 2362 studet
1066 2298 1104 2363 ut
1123 2312 1226 2363 suum

152 2405 279 2494 cuique
307 2426 466 2494 personae
490 2409 606 2478 locum
632 2410 810 2496 rependat.
839 2410 935 2494 Quos
962 2409 1055 2478 enim
1084 2409 1227 2497 potissi·

153 2537 249 2587 mum
273 2525 307 2587 et
331 2521 515 2607 loquentes
541 2527 574 2590 et
600 2529 740 2612 agentes
765 2522 927 2604 adhibet,
957 2528 990 2591 et
1014 2522 1225 2610 quibuscum

151 2635 280 2703 versari
305 2636 509 2720 oblectatur,
532 2637 702 2720 Simones,
724 2640 957 2720 Menedemos,
976 2638 1175 2727 Pamphiles
1193 2645 1228 2708 et

151 2749 378 2839 Clitiplrones,
396 2772 454 2821 eos
470 2753 653 2840 primarias
671 2754 829 2823 obtinere
843 2762 958 2843 partes
972 2752 1088 2824 fabula
1103 2762 1228 2842 postu·

149 2867 254 2949 labat,
274 2888 338 2937 nec
357 2889 483 2958 genere
502 2876 536 2939 et
554 2870 755 2939 conditione
777 2870 912 2960 indigni
933 2879 1032 2940 erant
1050 2870 1110 2958 qui
1135 2890 1227 2958 prae-

150 2988 283 3053 starent
312 2985 436 3052 celeris
461 2991 494 3053 et
519 2985 555 3051 in
583 2985 648 3052 hac
672 2987 749 3055 luce
777 2985 992 3074 effulgerent.
1027 2985 1225 3072 Siquando

150 3101 258 3169 servis
279 3120 418 3188 quoque
437 3107 471 3169 et
487 3100 648 3188 parasitis
670 3100 790 3181 utitur,
813 3099 873 3188 qui
899 3100 1106 3170 severiorem
1128 3099 1226 3169 exhi-

150 3218 262 3285 larent
289 3215 464 3298 fabulam,
495 3237 668 3306 nusquam
698 3222 815 3285 tamen
846 3236 910 3286 nec
938 3219 1030 3287 Davo
1062 3218 1225 3306 Getaeque

150 3334 244 3403 heris
259 3335 333 3404 suis
348 3333 493 3417 officere,
514 3355 578 3404 nec
597 3335 798 3405 Phormioni
816 3335 982 3405 honestos
995 3335 1086 3405 cives
1104 3336 1226 3406 obscu·
1327 3314 1333 3322 ’

150 3470 226 3519 rare
249 3450 419 3519 concedit.
445 3453 563 3538 Neque
584 3451 668 3518 mihi
694 3451 840 3521 dubium
862 3452 999 3522 videtur
1024 3452 1109 3539 quin
1132 3443 1223 3521 hanc

149 3576 260 3659 poetae
283 3571 442 3659 peritiam
470 3571 763 3659 prudentiamque
791 3571 1008 3660 respexerint
1035 3569 1111 3657 qui,
1136 3573 1223 3638 teste
1316 3577 1319 3581 ’

151 3688 313 3770 Horatio,
340 3688 540 3757 Terentium
567 3689 778 3758 extollebant
799 3690 892 3778 quod
914 3694 1047 3758 ceteros
1073 3685 1225 3755 comicos

151 3812 225 3870 orte
245 3809 336 3873 esset
353 3825 600 3895 supergressus
616 3807 636 3871 ¹.

200 3920 301 4004 Quod
320 3921 348 3989 si
371 3921 553 3991 Terentius
570 3921 800 3990 Menandrum
820 3919 956 3990 fidelius
974 3918 1224 4009 interpretatus

187 4193 195 4226 ¹
207 4192 310 4254 Horat,
323 4193 420 4255 apest,
432 4192 464 4252 ll,
482 4193 506 4255 l,
518 4192 562 4244 59.
