3000 5220
611 431 803 502 ..1,5..

170 589 281 679 thue
301 592 359 661 illa
374 593 546 684 apparuit,
568 614 674 683 quam
692 596 849 686 jucunde
878 603 913 669 01
937 599 1132 693 luculenter
1147 602 1245 674 salu·

167 712 268 779 tant:
1238 734 1240 736 ’
1321 718 1324 722 ”

656 883 658 888 -
754 854 810 910 lor
822 851 899 913 ride!

238 939 273 997 Ut
286 942 344 997 tota
357 938 452 999 doreti
465 944 498 999 ut
511 939 584 999 oleti
600 944 631 999 ut
644 938 732 999 nitide
746 940 817 1001 nitet
826 945 853 1001 ¹!

165 1129 234 1200 Nec
249 1139 401 1220 possunt
415 1132 545 1204 laetitiae
564 1139 759 1224 temperare
776 1141 810 1207 et
827 1136 882 1206 sui
898 1134 1076 1228 compotes
1089 1139 1165 1215 lieri
1183 1164 1190 1213 :

200 1321 257 1380 Sibi
271 1340 321 1383 sua
336 1323 458 1385 habeant
468 1341 554 1411 regma
567 1342 658 1402 reges,
669 1326 721 1386 sibi
735 1297 844 1388 diuitias
857 1327 972 1389 divites:
1076 1323 1078 1326 ⁴

80 1433 82 1442 ¹
200 1410 395 1488 Sibilrouores,
408 1414 459 1474 sibi
471 1415 597 1489 virtutes,
612 1415 664 1474 sibi
678 1433 795 1493 pugnas,
810 1417 862 1478 sibi
876 1418 986 1494 prelia:

198 1499 268 1556 Dum
283 1500 323 1558 mi
336 1499 493 1561 abstineant
504 1502 638 1577 inridere,
653 1503 707 1590 sibi
720 1504 837 1580 quisque
849 1505 969 1565 habeant
983 1506 1059 1581 quod
1075 1504 1225 1584 suum'at¹.

161 1691 195 1763 Si
217 1715 301 1765 vero
316 1697 418 1768 liceat
433 1699 595 1789 colloqui,
614 1699 662 1771 ita
679 1721 820 1784 suaves,
838 1702 885 1771 ita
903 1708 1033 1773 tenerae
1048 1702 1241 1774 audiuntur

163 1812 427 1904 reddunturque
444 1836 557 1899 vocae,
579 1823 619 1885 ut
635 1817 723 1888 AElio
743 1817 865 1888 Stiloni
882 1819 1026 1889 minime
1046 1821 1239 1890 adverseris

160 1927 330 2012 1110101,οἱ
345 1928 452 1998 lotioe
466 1930 556 2022 loqui
568 1930 704 2016 uellent,
720 1931 883 2001 Plautino
899 1954 1049 2003 sermone
1067 1934 1239 2004 locuturos

159 2044 263 2132 frtisae
282 2043 510 2133 praedicanti⁸
531 2069 545 2116 :¹

212 2241 235 2297 0
249 2237 331 2298 melle
344 2238 418 2298 dulci
431 2239 542 2300 dulcior
557 2239 628 2298 mihi
641 2245 670 2299 tu
686 2255 726 2300 es.
738 2243 860 2301 -Certe
873 2241 947 2301 enim
959 2247 989 2302 tu
1002 2242 1060 2302 vita
1073 2260 1103 2304 es

197 2390 198 2393 ,
211 2327 279 2388 llihi
291 2348 298 2387 :
308 2329 545 2405 complectere-
555 2329 637 2390 Facio
650 2330 758 2390 lubens.
767 2330 922 2390 -Utinam
934 2331 973 2391 sic
987 2331 1143 2393 auferamur
1152 2335 1179 2394 ⁴!

160 2508 221 2576 llla
238 2509 471 2597 parasitorum
489 2509 622 2578 salibus
639 2510 840 2603 mutuisque
854 2511 1021 2582 lenonum
1038 2533 1236 2588 servorum-

159 2643 228 2712 que
247 2624 412 2714 conviciis
435 2626 520 2695 adeo
537 2624 648 2695 aliena
664 2632 758 2707 sunt,
779 2631 818 2695 ut
834 2624 891 2695 vix
906 2628 1026 2697 credas
1048 2629 1091 2699 ab
1114 2631 1234 2703 codem
1293 2666 1296 2674 =

158 2748 260 2827 poeta
283 2739 391 2811 fuisse
415 2741 572 2829 inventa,
597 2747 632 2811 et
654 2740 690 2809 in
708 2740 831 2811 iisdem
855 2741 970 2831 posita
994 2738 1141 2829 fabulis;
1166 2746 1233 2816 uisi

158 2857 288 2946 cogites
310 2857 579 2946 Aristophanem
603 2875 743 2945 quoque
765 2855 858 2926 foeda
877 2857 1130 2948 immundaque
1154 2881 1234 2934 cum

158 2972 283 3061 lepidis
299 2979 335 3072 et
349 2975 494 3043 urbanis
509 2994 581 3042 non
599 2973 705 3042 semel
720 2973 968 3055 immiscuisse,
986 2957 1138 3064 atquem
1154 2976 1236 3049 Plu-

160 3088 314 3171 tarchus,
341 3096 483 3178 propter
510 3087 787 3171 obscoenitatem,
815 3089 859 3157 ab
885 3087 1112 3168 honestorum
1141 3101 1235 3162 coetu

159 3205 390 3297 ablegandum
403 3205 577 3295 censebat,
595 3203 716 3290 fuisse,
735 3206 779 3274 ob
794 3204 929 3294 lepores
949 3213 984 3277 et
997 3209 1232 3295 venustatem,

159 3322 294 3413 egregie
312 3342 331 3390 a
346 3322 489 3392 Platone
507 3321 686 3392 laudatum
710 3320 958 3408 reminiscaris,
972 3317 1033 3414 qui
1049 3324 1125 3418 eius
1137 3324 1236 3415 inge-

161 3439 259 3509 nium
278 3424 533 3534 χαρίτωντέμενος
552 3433 803 3526 nuncupavit⁵.

213 3554 263 3624 Illi
279 3575 359 3627 vero
371 3557 517 3647 iuvenes
536 3564 605 3625 tam
618 3553 731 3624 vivide
746 3554 789 3623 ad
803 3574 957 3625 amorem
970 3553 1068 3625 effusi
1082 3554 1233 3644 aliquam

163 3679 299 3755 umen,
326 3675 419 3763 apud
435 3673 678 3755 Menandrum,
703 3679 888 3760 parentum
906 3673 1133 3742 reverentiam
1151 3675 1235 3743 reti-

162 3808 287 3874 nuere;
315 3790 376 3879 qui
404 3797 589 3880 postquam
615 3789 811 3878 protervius
834 3789 965 3879 aliquid
990 3789 1234 3876 admisissent,

162 3906 212 3976 nil
237 3906 305 3976 nisi
334 3913 469 3996 patrem
494 3905 741 3990 reformidare,
768 3926 882 3996 neque
901 3920 1004 3996 posse
1020 3925 1057 3977 se
1076 3906 1155 3977 irati
1174 3927 1235 3981 ora

197 4126 339 4195 ’nemt.·,
353 4129 387 4196 ll,
400 4132 428 4196 1,
440 4129 467 4184 2.
479 4127 535 4171 -2
547 4128 701 4194 curcul.,l,
712 4129 792 4195 w.
802 4128 1012 4212 -⁸innt.,x,
1022 4156 1058 4174 ..
1069 4127 1081 4166 a
1089 4136 1174 4196 ΑΜ,
1187 4129 1236 4198 m,

161 4219 190 4285 ὅ,
202 4219 247 4275 24·
259 4245 297 4262 -·
305 4217 416 4277 ‘Senot
427 4221 527 4289 Arist,
537 4218 598 4273 llld.
610 4218 700 4273 xxix.
