3000 5220
635 393 808 460 ...5-

187 563 316 635 Graecis
339 569 452 654 poeta,
474 561 560 651 quid
583 560 650 630 sibi
670 559 831 631 debuerit
846 578 1095 652 agnoscamus,
1114 564 1175 630 aut
1193 558 1263 629 sal·

187 688 256 751 tem
274 679 491 769 probabilius
510 678 741 766 suspicemur.

234 1420 260 1486 E
287 1415 466 1497 Plautinis,
487 1414 547 1504 qui
570 1419 772 1504 supersunt,
793 1414 947 1505 prologis
963 1413 1143 1483 noscimus
1162 1433 1264 1503 quos·

184 1553 265 1603 nam
291 1532 514 1621 potissimum
541 1531 680 1601 Graecos
701 1533 870 1600 arctans
897 1536 999 1618 poeta
1032 1534 1174 1599 secutus
1204 1529 1261 1600 sit.

183 1652 268 1719 Nam
290 1669 327 1717 se
343 1645 527 1716 linientem
538 1668 581 1717 ex
594 1647 735 1736 Diphilo
751 1647 964 1734 expressisse
983 1645 1041 1727 ait,
1063 1644 1263 1714 Asinariam

184 1787 227 1834 ex
252 1746 362 1856 ῠααγῷ
382 1759 593 1851 Damophili,
619 1762 784 1830 Casinam
813 1783 855 1831 ex
880 1762 1010 1850 Diphili
1038 1763 1258 1855 Κληρουμέαοις,

182 1879 394 1948 Mercatorem
418 1900 459 1948 ex
483 1861 612 1971 Ἐμπόρῳ
632 1877 858 1960 Philemonis,
881 1898 924 1945 ex
944 1879 1091 1969 Θησαυρῷ
1107 1877 1262 1966 eJusdem

183 2002 294 2082 poetae
310 1995 521 2063 Trinamam.
535 1992 810 2074 Commorientes,
828 2011 933 2079 quam
946 1994 1054 2061 Varro
1072 1990 1225 2062 fabulam
1244 2014 1262 2062 e
1294 2082 1296 2087 Ι

185 2129 331 2179 numero
354 2109 591 2177 Plautinalllm
614 2109 797 2191 eximebat,
821 2110 1110 2185 Συναποθνῆσκοντας
1132 2108 1262 2196 Diphili

184 2225 344 2296 retulisse
368 2224 550 2294 Terentius
576 2244 651 2307 nos,
670 2225 706 2293 in
734 2223 959 2314 Adelphorum
980 2216 1123 2315 prologo
1149 2218 1260 2294 docet.

183 2338 364 2408 Bacchides
385 2339 595 2410 Ritschelius
614 2361 656 2409 ex
677 2340 858 2409 Menandri
880 2342 933 2418 Δὶς
954 2338 1129 2418 ἐξαπατῶντι
1144 2360 1262 2412 versas

184 2472 352 2522 essenon
378 2451 495 2538 inepte
522 2452 671 2540 conjecit
698 2473 705 2519 :
733 2450 790 2520 ille
814 2451 908 2520 enim
929 2448 1136 2519 Bacchidem
1160 2450 1261 2521 toties

185 2568 389 2639 decantatus
400 2587 523 2638 versus
538 2589 545 2636 :

339 2832 385 2853 .-
508 2828 511 2855 ·.
645 2771 732 2839 Quem
745 2769 775 2829 di
788 2769 919 2846 diligunt,

226 2930 232 2940 .
354 2857 523 2918 Adulescens
537 2855 687 2918 moritur¹.

183 3069 236 3135 est
252 3063 319 3134 hoc
335 3063 546 3133 Menandros
568 3062 773 3134 adverbum
791 3083 998 3152 expressus:

341 3299 377 3348 Cu
392 3293 416 3346 οἱ
429 3293 480 3347 θεοὶ
495 3286 615 3367 φιλοῦσιν
631 3289 790 3352 &nadaberes
804 3294 859 3355 νέος
869 3284 891 3350 ⁹,
987 3287 989 3292 ⁴

185 3499 219 3563 et
243 3492 408 3582 pleraque
431 3491 562 3560 Graecae
585 3488 712 3560 fabulae
738 3489 933 3581 fragmenta
954 3510 1034 3563 eum
1052 3492 1160 3562 latina
1177 3493 1262 3562 satis

185 3607 410 3679 conveniunt.
424 3603 655 3673 Cistellariam
671 3625 811 3698 quoque
825 3606 936 3676 eidem
952 3627 1027 3677 esse
1039 3606 1261 3676 tribuendam

184 3729 297 3813 poetae
324 3740 461 3803 censeo,
487 3720 616 3809 inqua
641 3721 711 3791 duo
736 3722 967 3793 includuntur
981 3742 1104 3793 versus
1130 3742 1218 3810 quos
1242 3744 1262 3791 a

185 3839 376 3912 Menandro
404 3838 607 3926 desumptos
640 3835 749 3908 fuisse
776 3841 1011 3929 Hermogenes
1037 3833 1260 3927 profitetur³.
1316 3871 1320 3878 ·

222 4079 231 4114 ¹
245 4081 355 4143 Bacch,
370 4080 412 4143 lV,
428 4082 455 4143 7,
477 4082 562 4133 lat—
578 4079 590 4114 ¹
604 4080 684 4143 Men,
700 4079 789 4143 uiuos,
809 4076 847 4152 Δὶς
860 4076 944 4142 iiam,
954 4081 981 4135 l.
997 4107 1031 4120 -
1042 4077 1141 4142 ⁸blen.,
1152 4082 1260 4142 drama.

185 4174 250 4238 tna,
262 4171 308 4224 32.
