3000 5220
652 398 846 472 ..48-

212 567 326 638 dianae
349 567 429 639 vitae
452 565 705 638 cousuetudine
727 566 772 636 ad
792 565 1022 639 rusticitatem
1044 567 1287 661 feritatemque

211 683 403 755 Romanam
420 682 654 774 procliviores.
1162 686 1166 695 '

260 801 379 871 Nullas
402 820 421 871 e
446 798 565 870 Graeca
589 797 951 889 comoediapersonas
972 800 1117 872 Romam
1137 802 1288 897 migrare

213 918 323 1011 mugla
342 916 487 989 decebat
501 935 606 1005 quam
624 936 757 999 servos,
779 917 962 1006 parasitos,
979 918 1204 1009 lenonesque,
1225 923 1285 1011 qui

211 1041 296 1106 sunt
312 1034 355 1104 ad
371 1032 521 1104 rusticos
540 1032 789 1123 improbusque
810 1051 924 1103 mores
941 1039 1066 1104 natura
1083 1035 1193 1127 magis
1205 1055 1289 1125 pro·

211 1150 324 1242 pensi.
344 1151 577 1244 Necpotuera
598 1156 715 1220 tamen
741 1148 833 1220 inter
850 1149 1025 1219 Romanos
1045 1150 1175 1221 versari
1200 1153 1286 1241 quin

211 1265 414 1339 rusticiores
442 1266 577 1337 fierent.
604 1266 785 1349 Plautum,
812 1264 872 1354 qui
908 1266 1020 1336 bonos
1050 1265 1287 1357 honestosque

210 1384 295 1457 vitio
311 1384 463 1474 quodam
484 1381 670 1473 inquinare
690 1381 876 1472 gaudebat,
894 1401 966 1452 non
985 1383 1087 1453 modo
1108 1382 1287 1474 improbos

210 1495 362 1592 henigne
382 1499 569 1588 excepisse,
592 1497 712 1587 eisque
731 1497 935 1587 ampliorem
954 1497 1070 1569 locum
1088 1518 1163 1569 osse
1180 1501 1285 1592 largi-

211 1621 303 1698 tum,
323 1616 383 1685 sed
407 1614 544 1705 pejores
569 1613 691 1697 etiam,
719 1612 747 1682 si
773 1613 907 1696 liceret,
934 1611 1088 1713 effecisse
1113 1615 1285 1706 suspicor.

211 1731 385 1801 Parasitos
398 1729 615 1801 Terentianae
629 1749 769 1819 quoque
782 1726 909 1801 fabulae
922 1729 1064 1814 habent,
1081 1733 1142 1802 sed
1155 1741 1288 1821 quanto

210 1847 390 1938 politiores
415 1845 691 1936 urbanioresque
706 1846 722 1919 l,
737 1853 969 1917 assentatores
984 1866 1026 1917 ex
1043 1847 1206 1937 parasitis
1221 1846 1288 1918 iac·

211 1970 281 2048 tos,
303 1971 338 2035 et
362 1962 614 2053 provectiorem
639 1968 768 2033 statum
793 1961 941 2033 civitatis
962 1969 1138 2048 testantes,
1159 1964 1195 2035 in
1217 1940 1313 2053 qua'

210 2079 292 2150 vitia
321 2098 460 2168 quoque
483 2077 652 2170 elegantia
677 2076 826 2167 quadam
846 2076 1190 2154 circumfunduntur.
1209 2079 1287 2168 Quo

210 2214 311 2268 suam
328 2202 439 2266 artem
459 2195 562 2266 modo
577 2203 771 2279 exerceant,
788 2195 924 2296 Gnatho
939 2216 1005 2267 uos
1019 2197 1138 2270 docet:

245 2384 319 2446 Olim
333 2384 378 2445 isti
390 2383 442 2444 luit
456 2382 551 2459 generi
565 2388 686 2459 questus
699 2381 773 2459 apud
788 2379 899 2442 saeclum
913 2381 1006 2458 prius;

245 2477 301 2535 lloc
315 2489 417 2534 norum
428 2474 463 2532 'st
475 2473 624 2550 aucupium
636 2493 643 2532 :
657 2488 708 2548 ego
722 2473 793 2533 adeo
809 2471 881 2532 hanc
895 2471 1001 2548 primus
1015 2470 1107 2532 inveni
1118 2472 1201 2532 dam.

245 2568 293 2625 Est
307 2580 393 2641 genus
408 2564 572 2636 hominum,
581 2564 629 2638 qul
644 2580 705 2622 esse
720 2565 827 2640 primos
840 2580 870 2623 se
883 2562 1007 2623 omnium
1019 2580 1113 2625 rerum
1126 2566 1234 2640 uolunt,

244 2656 301 2714 Nec
314 2658 393 2726 suut;
408 2653 458 2711 hos
469 2657 614 2711 consector
626 2670 634 2710 a
648 2650 725 2710 hisce
739 2665 791 2726 ego
802 2667 857 2710 non
870 2667 939 2727 paro
953 2667 998 2711 me
1012 2658 1043 2713 ut
1054 2653 1174 2730 rideant,

245 2740 300 2804 Sed
313 2743 355 2804 eis
368 2742 442 2803 ultm
458 2738 586 2814 adrideo,
600 2744 740 2801 eteorum
754 2738 865 2816 ingenis
877 2739 1002 2801 admiror
1014 2740 1098 2801 simul
1111 2746 1132 2804 ¹.

210 2940 262 3013 llli
278 2939 370 3012 saecli
383 2939 510 3031 prioris
521 2936 677 3029 parasiti,
689 2936 854 3010 divitibus
864 2958 902 3010 se
914 2945 1077 3028 parantes
1087 2945 1127 3011 ut
1137 2939 1284 3023 rideant,

211 3059 362 3132 Plautini
378 3058 521 3149 parasiti
535 3064 637 3140 suut;
655 3056 771 3128 miseri
789 3056 960 3141 homines,
976 3057 1003 3127 si
1021 3063 1081 3129 eos
1096 3076 1175 3128 cum
1191 3060 1285 3128 Gna·

210 3176 319 3249 thone
338 3196 543 3266 componam
565 3176 625 3262 qui
644 3174 750 3245 vitam
779 3174 873 3243 omni
897 3174 1131 3262 periculorum
1158 3191 1285 3260 genere

211 3293 382 3363 consitam
407 3290 552 3372 ducunt,
574 3308 639 3360 nec
653 3295 803 3377 possunt
818 3287 861 3356 ad
880 3287 1001 3374 epulas
1017 3285 1163 3356 divitum
1181 3285 1284 3356 aldre-

147 3472 150 3476 .
210 3427 292 3501 pore
311 3412 346 3477 et
361 3403 461 3497 quasi
484 3424 596 3473 mures
614 3401 706 3473 cdere
729 3401 881 3472 alienum
906 3397 1049 3486 cibam²,
1075 3399 1142 3472 nisi
1167 3401 1284 3493 plagas

211 3532 245 3600 ei
270 3523 435 3614 colaphos
467 3541 569 3612 aequo
600 3519 718 3591 animo
750 3517 877 3602 lerant,
908 3517 1089 3610 [campique
1120 3518 1221 3587 aulas
1247 3517 1286 3585 tTn

210 3636 334 3733 copot⁸
353 3640 541 3732 patiantur.
560 3640 692 3708 llorum
720 3634 866 3706 ridicule
889 3634 998 3720 dicta,
1019 3634 1148 3725 quibus
1172 3643 1286 3730 temu-

210 3751 1285 3843 lentorumvultustranquillabant,salsioraplerumquequam

210 3874 378 3964 lepidiora
402 3883 436 3946 et
459 3871 647 3943 urbaniore
668 3868 776 3941 luisse
802 3888 873 3939 non
901 3867 1119 3960 negaverim
1142 3865 1285 3936 salsiora

211 4001 340 4075 autem,
359 3991 396 4061 in
415 3972 650 4080 parasito'rum
665 3985 774 4079 jocis,
793 4002 865 4056 uon
889 3993 1021 4057 veteres
1038 3985 1151 4057 solum
1168 3982 1286 4055 rudes·

247 4197 342 4262 ¹'l'er.‚
354 4195 489 4261 danucia,
502 4197 536 4260 ll,
544 4196 572 4262 1,
585 4199 628 4251 ta.
641 4219 677 4236 -·
688 4191 701 4229 ¹
714 4193 805 4259 capt„
819 4191 841 4260 l,
855 4192 882 4256 1,
894 4190 922 4246 9.
933 4216 969 4232 -
979 4187 1093 4260 lema,
1106 4190 1128 4256 l,
1143 4193 1171 4255 t,
1185 4188 1230 4242 11.
