3000 5220
523 491 530 512 ζ
658 423 857 494 -m-

393 586 499 657 ennete
512 579 614 648 uuor
624 581 723 650 tetdo
733 581 817 657 iustis
830 581 949 658 taturi,

390 686 501 745 Perdite
513 685 681 778 perduelles,
692 685 782 764 perite
793 687 907 755 laudem
918 690 947 747 et
960 687 1096 766 lauream,

265 773 267 777 ⁴
393 780 428 835 ut
440 774 519 835 vobis
529 775 594 835 victi
605 776 681 834 Poeni
695 793 790 852 poeuas
804 777 935 836 sufferant
946 780 964 834 ¹.

264 972 356 1041 Nihil
376 971 521 1042 liberius
542 978 605 1055 est,
626 971 716 1059 nibil
735 974 779 1048 ab
799 974 895 1050 omui
912 974 987 1064 loge
1001 974 1171 1054 remotius
1184 996 1288 1066 quam

214 1087 458 1177 Aristophanis
477 1089 660 1158 comoedia.
672 1089 854 1160 Neminem
868 1089 957 1181 fugit
970 1090 1290 1182 quamsrequenter

214 1200 465 1292 Aristophanes
482 1204 525 1272 ab
545 1209 752 1293 argumento
766 1225 830 1274 suo
845 1201 1072 1295 digrediatur,
1094 1227 1159 1276 nec
1176 1207 1289 1278 solum

214 1317 251 1386 in
276 1318 459 1412 reportatae,
493 1317 618 1416 sedin
646 1319 769 1408 quavis
792 1319 920 1390 fabulae
950 1327 1049 1409 parte
1077 1328 1290 1411 spectatores

214 1440 332 1521 aperte
345 1442 505 1522 provocet
525 1440 559 1505 et
579 1435 721 1505 nomine
742 1456 806 1505 suo
825 1435 1031 1524 alloquatur.
1045 1441 1118 1506 Hoc
1131 1439 1290 1526 quamvis

214 1547 259 1616 sit
270 1532 405 1638 legibus
417 1549 1289 1642 comoedieealienissimum,inbisveteribuspoctis

214 1664 324 1755 magis
348 1662 643 1747 ermenricum,
673 1664 804 1752 quibus
829 1665 956 1735 licebat
979 1666 1150 1756 quidquid
1171 1674 1288 1736 mente

198 1777 408 1868 excogitare
427 1778 587 1849 libuisset
605 1779 641 1847 tn
660 1775 803 1850 scenam
824 1781 1028 1868 producere.
1041 1782 1146 1872 ‘Nove
1172 1787 1289 1850 autem

214 1892 385 1964 comoedia
414 1914 433 1962 a
461 1893 520 1962 tati
551 1893 690 1962 lieentia
724 1893 936 1963 abhorrebat
945 1918 956 1979 ;
988 1893 1045 1962 hic
1074 1895 1167 1965 enim
1194 1895 1289 1965 nulia

214 2010 456 2080 tractabantur
470 2017 676 2099 argumenta
688 2010 757 2078 nisi
771 2011 814 2080 ad
827 2009 1093 2081 similitudinem
1109 2011 1182 2083 veri
1199 2033 1291 2100 com

212 2126 339 2215 posita,
364 2133 403 2195 ut
426 2125 492 2194 hac
515 2127 594 2196 ritae
621 2126 773 2216 imagine
794 2126 1035 2198 detinerentur
1055 2131 1288 2218 spectantium

212 2239 331 2329 animi,
353 2247 388 2309 et
405 2240 481 2325 viva
501 2261 578 2317 esse
594 2241 835 2323 existimarent
849 2261 1069 2333 quaeeunque
1089 2245 1155 2322 sub
1180 2245 1289 2315 oculis

193 2364 479 2448 exponerentur.
503 2358 566 2426 Hic
583 2357 733 2426 maxime
752 2358 989 2427 necessarium
1006 2364 1080 2426 eret
1099 2378 1142 2426 ne
1160 2379 1197 2426 se
1212 2380 1289 2446 pro-

213 2472 309 2544 deret
329 2482 442 2563 pbeta,
463 2495 553 2556 nere
567 2480 796 2563 spectatores,
820 2473 937 2543 deludi
957 2493 994 2543 se
1012 2480 1123 2557 ratos,
1150 2496 1170 2544 a
1191 2485 1289 2566 gnato

213 2595 537 2662 commemoraret.
558 2580 701 2666 Plautus
718 2593 850 2674 eutem,
872 2589 959 2658 dum
979 2585 1185 2681 argumento
1203 2599 1290 2661 trae·

107 2786 121 2802 ..
212 2707 302 2772 tanet
324 2725 342 2774 e
362 2724 451 2776 noua
475 2705 646 2775 comoedia
665 2704 785 2794 petita,
808 2705 992 2775 comoediae
1008 2707 1134 2784 ueteris
1153 2707 1290 2778 liberta-

212 2828 282 2890 tem
308 2818 527 2910 frequentius
554 2821 747 2911 usurparit.
774 2821 954 2916 uopadatora
979 2823 1163 2898 admittere
1192 2825 1288 2900 nuile

147 3004 149 3009 .
212 2935 315 3004 modo
332 2943 479 3025 poterat,
502 2938 563 3007 sed
583 2951 840 3025 nonuunquam
861 2927 1030 3024 personas
1056 2938 1193 3010 inducit
1213 2960 1290 3009 me

211 3048 310 3119 ribus
331 3051 404 3120 suis
428 3072 573 3151 prorsus
597 3053 730 3133 absona
755 3052 954 3149 loquentes,
981 3053 1029 3122 ita
1053 3059 1093 3122 ut
1115 3074 1186 3123 non
1208 3075 1289 3125 vere

131 3165 157 3200 ³
210 3185 378 3254 personas
399 3168 495 3256 loqui
520 3169 580 3238 sed
603 3172 742 3256 poetam
772 3187 950 3258 agnoscas.
975 3167 1031 3238 Sic
1050 3189 1142 3257 saepe
1165 3169 1290 3239 mulie-

210 3302 278 3371 res,
298 3282 411 3376 buius
424 3284 594 3373 naturalia
613 3284 843 3376 indulgentiae
861 3284 1095 3376 immemores,
1116 3306 1185 3382 oua
1205 3285 1288 3375 vitia

212 3403 332 3485 emite
355 3406 415 3487 eet
438 3421 510 3481 noo
533 3400 695 3490 ememus
721 3407 781 3488 aot
803 3400 906 3491 ochis
931 3400 1000 3495 ipsi
1028 3402 1286 3494 condonemus.

212 3513 396 3583 muliebria
408 3515 492 3585 vitia
510 3515 624 3584 acrius
640 3516 875 3597 insectantur3
899 3536 964 3584 nec
982 3516 1095 3586 solum
1117 3516 1288 3612 Eunomia

98 3685 100 3692 .
211 3626 248 3697 in
273 3626 456 3697 Aetnterio
475 3637 509 3699 et
531 3630 711 3701 Pinacium
735 3630 772 3699 in
794 3628 920 3712 Sticho,
942 3632 1032 3700 bene
1054 3627 1197 3700 moratae
1223 3628 1289 3699 ioe-

212 3743 334 3827 minae‚
356 3766 512 3835 quasque
535 3747 577 3815 de
600 3746 758 3816 moribus
779 3745 876 3844 loqui
898 3746 1034 3829 deceat,
1062 3747 1123 3838 sed
1146 3745 1289 3832 nequis-

211 3860 308 3928 simae
319 3870 354 3930 et
365 3861 620 3932 scelestissimae
631 3860 845 3950 etiamque,
855 3860 1058 3949 quumvitia
1068 3862 1285 3945 adoriuntur,

210 3977 416 4068 compensas,
436 3979 664 4070 insimulare
690 3977 783 4066 teter
807 3997 898 4068 quas
925 3978 1012 4059 adeo
1037 3983 1092 4067 est
1114 3975 1288 4068 Adelpha-

244 4216 252 4250 ¹
263 4215 366 4278 distet„
377 4213 398 4279 1,
412 4216 439 4279 5,
452 4214 496 4270 te.
