3000 5220
604 431 797 502 ..35-

167 601 287 672 militis
304 599 470 692 imagine,
492 599 529 669 in
553 598 664 668 risum
682 600 829 670 solveret
847 598 912 668 hos
934 618 1014 668 vere
1030 596 1157 668 milites
1175 601 1235 690 qui

165 717 372 808 sanguinem
390 737 493 788 suum
512 714 548 785 in
567 714 666 784 bellis
683 715 823 785 Punicis
839 735 903 805 pro
917 714 1030 804 patria
1038 722 1236 807 pugnantes

163 832 377 905 effuderant
515 914 522 923 ⁸
1166 912 1167 915 Ἴ

213 952 351 1022 Ceteras
387 958 502 1022 autem
533 949 823 1026 Menandrearum
843 945 1044 1017 fabularum
1068 969 1236 1036 personas

163 1060 1236 1158 Romaquoquenoverat.Necsolumdepatribusavaris‚servis

163 1184 355 1268 fallacibus
377 1185 572 1255 libidinosis
588 1183 668 1251 filiis
682 1182 816 1270 loquor,
832 1181 892 1269 qui
907 1181 1038 1270 ubique
1055 1183 1238 1272 reperiun-

164 1308 236 1383 tur;
259 1302 394 1371 dotatas
412 1321 557 1382 uxores,
585 1300 647 1367 has
667 1299 832 1392 ἐπικλήρους
849 1295 996 1388 Accptae*
1024 1299 1126 1368 toties
1148 1308 1239 1367 tam-

164 1437 232 1506 que
250 1416 394 1488 ridicule
414 1438 433 1486 a
451 1417 642 1486 Menandro
662 1415 860 1503 Graecisque
884 1415 1026 1485 comicis
1046 1414 1233 1496 lacessitas,

164 1539 289 1622 togatae
302 1554 441 1622 quoque
456 1531 582 1602 sabulae
594 1537 811 1620 receperunt,
828 1551 906 1620 quae
919 1550 1028 1620 quum
1041 1533 1237 1600 Romanum

164 1649 278 1720 forum
296 1656 501 1741 togatosque
512 1649 603 1719 cives
619 1650 655 1717 in
676 1669 814 1718 scenam
831 1649 1064 1732 traducerent,
1082 1647 1237 1716 nonnisi

164 1767 336 1836 Romanas
354 1788 521 1856 personas
541 1766 723 1837 admittere
741 1772 913 1854 poterant.
926 1764 1014 1834 Audi
1034 1762 1127 1834 enim
1147 1762 1238 1832 Titi-

163 1883 262 1953 nium
283 1885 426 1954 maritos
441 1884 656 1954 vellicantem
675 1884 734 1972 qui

304 2083 420 2144 Dotibus
433 2083 548 2144 deleniti
560 2084 633 2144 ultro
647 2081 874 2155 etiameuroribus

303 2177 505 2249 Ancillentur²,

164 2377 227 2427 nec
247 2357 378 2446 poteris
400 2357 485 2445 quin
508 2355 572 2425 tibi
593 2355 630 2423 in
651 2359 803 2423 mentem
822 2372 961 2423 revoces
980 2353 1075 2424 huno
1092 2354 1137 2423 in
1160 2355 1239 2424 Asi·

163 2474 268 2542 oorio
285 2477 519 2545 Demaenetem
543 2473 586 2542 de
609 2470 768 2561 conjugis
784 2469 989 2560 impotentia
1015 2478 1086 2542 tam
1112 2473 1238 2544 misero

162 2595 390 2687 querentem:

284 2786 439 2858 Argentum
453 2781 564 2856 adcepi‚
579 2780 644 2840 dote
657 2778 807 2856 imperium
819 2781 933 2842 vendidi
943 2785 970 2842 ³!

164 2984 273 3062 lmmo
294 2979 478 3061 Atellanae,
507 2999 576 3066 quo
606 2998 732 3068 genere
758 2979 946 3068 spectaculi
973 2980 1060 3049 nihil
1080 3001 1236 3071 unquam

164 3098 274 3189 magis
291 3099 487 3167 Romanurn
511 3095 685 3165 exstitisse
710 3103 863 3179 constat,
884 3117 954 3166 non
980 3096 1235 3187 infrequentem

163 3217 360 3286 dotatarum
376 3212 589 3283 mentionem
604 3212 745 3283 babent.
761 3215 845 3284 lnde
858 3203 1036 3286 enim'duo
1055 3215 1236 3305 Pomponii

163 3331 330 3420 Noviique
348 3325 486 3402 fabulas
500 3350 627 3400 nomen
645 3324 790 3400 traxisse
811 3323 959 3414 scimusss
982 3340 1028 3415 et,
1049 3333 1085 3401 in
1106 3341 1238 3404 cetera-

163 3468 241 3519 rum
280 3446 506 3536 fragmentis,
547 3446 651 3515 modo
674 3446 877 3532 irridentur
909 3449 1035 3518 dotatae
1069 3457 1234 3538 tanquam

162 3562 295 3649 vetulo,
309 3561 478 3644 varicoso,
494 3563 597 3650 uafro
609 3555 642 3643 ⁴;
661 3561 774 3643 modo,
786 3564 881 3650 quod
894 3583 1068 3652 nusquam
1081 3563 1117 3632 in
1135 3565 1237 3636 Plau·

155 3681 246 3754 tinis
262 3679 389 3749 fabulis
409 3678 571 3768 reperies,
591 3676 846 3762 defendentum
866 3700 1017 3770 namque
1048 3710 1051 3715 ·

198 3871 250 3944 Qui
263 3870 350 3932 habet
364 3886 479 3930 uxorem
492 3869 552 3929 sine
565 3869 642 3943 dote,
656 3869 683 3928 ei
696 3887 819 3945 pannum
832 3873 954 3949 positum
967 3873 996 3932 in
1008 3889 1131 3951 purpura
1143 3876 1216 3946 esti.

200 4060 208 4094 ¹
227 4060 362 4129 Menand,
378 4056 489 4124 fragm„
510 4061 583 4120 ntea,
604 4055 630 4107 2.
647 4083 682 4096 -
695 4056 810 4126 ¹litim,
827 4055 955 4124 Procilio,
967 4063 993 4113 5.
1014 4063 1084 4128 (Ap.
1106 4063 1234 4127 Ribbeck,

160 4147 265 4232 domic.
282 4147 359 4204 lotia.
378 4150 467 4216 reliq.)
479 4175 515 4186 -
532 4145 640 4209 111111,
658 4147 679 4210 l,
702 4149 728 4210 l,
744 4149 787 4199 ll.
800 4175 833 4189 -
845 4147 857 4183 ⁸
870 4151 1010 4219 Pompon„
1025 4156 1199 4236 Pergaeam,
1213 4153 1235 4205 l.

163 4271 197 4282 -
211 4239 222 4275 ⁸
237 4242 520 4307 desiderabilem,
535 4241 560 4291 l.
1122 4237 1124 4240 ’
