3000 5220
562 440 755 510 ..49-

117 611 258 701 indigne
274 609 437 679 tulissent
453 628 582 679 numen
606 627 710 677 suum
730 605 908 676 sceleribus
928 617 959 676 et
992 606 1190 678 libidinibus

18 813 23 818 .
118 725 359 809 contaminari,
378 745 453 805 nec,
473 746 535 814 per
550 725 711 793 ludorum
732 725 961 808 occasionem,
978 726 1047 796 vim
1069 725 1189 796 inlerri

120 843 281 934 ingenuis
300 843 494 933 virginibus
514 841 773 923 toleravissent,
804 841 880 910 ideo
908 841 1125 912 caerimonias
1148 863 1192 910 eeu

121 958 259 1028 occultis
276 956 416 1027 tenebris
433 959 471 1026 in
492 957 594 1057 iucem
612 965 784 1025 contrectes
799 957 960 1040 voluisse,
982 958 1155 1029 revocavit
1167 956 1190 1027 ¹.

72 1056 79 1070 ’
111 1069 112 1072 ’
169 1079 250 1145 Haec
264 1075 371 1166 igitur
389 1080 604 1165 argumenta,
622 1093 729 1161 quum
750 1075 892 1144 Plautus
906 1082 1021 1144 tamen
1041 1074 1196 1145 retinue-

122 1191 178 1274 rit,
203 1191 239 1260 in
260 1190 384 1260 ceteris
409 1210 489 1261 vero
515 1189 712 1259 fabularum
740 1191 899 1278 partibus
917 1192 1092 1262 Romanos
1110 1212 1195 1262 usus

124 1327 307 1396 moresque
337 1307 527 1377 studiosius
559 1307 737 1391 retulerit,
776 1307 947 1378 fateamur
976 1329 1117 1380 necesse
1146 1315 1199 1379 est

124 1426 279 1514 plebem,
312 1426 411 1516 cuius
436 1425 549 1494 studia
572 1425 731 1515 prolege
759 1425 997 1508 habebantur,
1026 1426 1068 1494 ad
1096 1445 1199 1516 argu-

126 1548 242 1611 menta
275 1540 471 1611 fabularum
499 1542 616 1611 minus
648 1561 753 1640 quam
781 1542 823 1610 ad
851 1549 964 1628 cetera
993 1542 1197 1631 respexisse.

125 1659 225 1744 Quod
248 1659 340 1729 unde
357 1659 528 1741 evenerit,
555 1679 626 1727 non
650 1678 740 1747 aegre
757 1658 920 1746 reperies.
937 1659 1004 1729 Diu
1023 1661 1201 1728 Romanos

126 1782 253 1846 saturae
268 1795 340 1844 suae
356 1776 620 1856 delectaverunt,
638 1793 702 1843 nec
720 1774 819 1843 multi
838 1773 1043 1844 effluxerant
1058 1775 1141 1844 anni
1159 1795 1202 1845 ex

125 1912 194 1982 qno
212 1891 333 1962 Livius·
345 1890 567 1960 Andronicus
591 1890 666 1958 haec
689 1889 767 1978 Jooa
795 1889 965 1959 hactenus
995 1899 1122 1960 temere
1147 1891 1203 1970 in.-

127 2029 245 2097 spersa
262 2013 296 2077 et
313 2008 409 2076 nullo
427 2007 518 2075 inter
540 2006 712 2095 sejuncta
734 2004 872 2076 vinculo
894 2006 1030 2076 actione
1050 2007 1201 2095 quadam
1287 1985 1291 1993 ¹

127 2132 280 2214 coeperat
295 2130 512 2204 connectere,
531 2129 601 2205 aut,
621 2129 660 2192 ut
679 2121 745 2190 Titi
760 2122 844 2192 Livii
863 2123 978 2193 verbis
996 2131 1085 2207 utar,
1104 2122 1204 2213 fobu-

129 2239 198 2308 lom
221 2261 326 2309 serere
349 2248 550 2330 orporea-ruo
569 2235 769 2309 docuerat².
789 2239 934 2329 Vigebat
950 2249 1065 2310 autem
1082 2260 1203 2310 reeens

129 2358 252 2441 adhue,
271 2378 335 2427 nec
349 2358 484 2447 ingrata
498 2355 686 2447 juventuti,
706 2354 874 2425 memoria
898 2362 1106 2438 saturarum,
1124 2375 1204 2443 quae

130 2470 233 2564 toties
249 2475 434 2563 populares
451 2474 596 2561 plausus
616 2481 851 2554 excusserant,
872 2481 907 2541 et
926 2471 999 2542 fieri
1020 2472 1135 2560 potuit
1151 2478 1202 2554 ut,

128 2591 183 2661 vel
199 2589 235 2659 in
255 2589 396 2659 Liviana
413 2589 593 2671 comoedia,
611 2589 690 2678 ioca
705 2596 739 2658 et
757 2590 844 2658 sales
866 2589 1039 2677 imprimis
1056 2590 1206 2659 delecta-

130 2706 257 2788 verint,
277 2713 312 2774 et
329 2705 524 2794 praecipuas
552 2714 669 2793 partes
686 2704 930 2787 -obtinuerint;
959 2715 1206 2795 argumentum

130 2829 257 2904 autem,
267 2821 360 2910 quod
374 2822 423 2890 eis
436 2819 656 2890 continendis
670 2821 988 2911 concludendisque
1002 2828 1036 2891 et
1048 2823 1083 2890 iu
1099 2842 1206 2892 vmam

96 2921 98 2925 Α
131 2936 283 3008 fabulam
301 2938 498 3028 redigendis
511 2936 624 3007 suerat
639 2957 750 3024 nuper
764 2938 956 3019 inventum,
970 2939 1105 3008 minore
1123 2959 1207 3009 cura
1293 2915 1297 2923 ’

132 3055 277 3145 dignum
294 3056 502 3124 crederetur.
523 3055 636 3140 Quod,
658 3075 767 3142 quum
789 3054 905 3124 minus
926 3063 1017 3124 esset
1035 3055 1207 3126 invetera-

63 3178 65 3182 '
131 3179 226 3251 tum,
252 3191 316 3241 nec
333 3192 396 3260 per
413 3192 460 3255 se,
488 3179 527 3242 ut
550 3171 596 3239 ita
623 3171 747 3253 dicam,
768 3171 930 3259 placeret,
949 3172 1009 3241 sed
1024 3172 1105 3260 quia
1126 3171 1209 3242 lun-

132 3289 256 3359 dendis
267 3289 356 3378 jocis
372 3297 407 3358 et
426 3289 568 3359 comicis
588 3289 702 3356 scenis
721 3288 928 3358 inducendis
947 3289 1098 3377 aliquam
1118 3310 1209 3379 prae·
1284 3318 1286 3323 ·

134 3404 439 3474 beretmateriam
471 3411 506 3474 et
538 3405 773 3485 occasionem,
809 3404 1021 3474 incuriosius
1049 3404 1158 3475 fuisse
1189 3413 1231 3473 a

85 3527 92 3553 ⁵
132 3521 298 3595 Romanis
315 3521 427 3610 poetis
446 3521 616 3604 habitum,
635 3521 767 3590 nemini
785 3521 912 3590 mirum
933 3522 1118 3591 videbitur.
1140 3522 1209 3606 Qui

134 3637 239 3720 enim,
261 3637 325 3707 rati
351 3638 488 3726 plebem
507 3639 626 3707 Graeca
644 3644 848 3728 argumenta
865 3637 902 3707 in
921 3639 1077 3707 Romana
1091 3637 1209 3709 fabula

136 3754 234 3824 lacile
254 3776 455 3844 passuram,
473 3757 608 3825 nullum
634 3756 860 3825 insumebant
883 3757 1039 3826 laborem
1055 3763 1094 3826 ut
1111 3777 1150 3826 ea
1166 3757 1210 3837 ad

29 3864 35 3877 ⁸
135 3873 310 3941 Romanos
329 3892 442 3941 mores
457 3872 680 3954 inverterent,
707 3871 767 3953 illi,
792 3872 821 3939 si
846 3893 901 3941 res
925 3875 1128 3962 postularet,
1151 3878 1212 3956 aut

139 3987 332 4076 impelleret
368 3989 512 4071 lubido,
548 3989 666 4059 eadem
704 3987 912 4060 connivente
950 3990 1061 4079 plebis
1096 3990 1212 4060 indole

174 4259 183 4294 ¹
199 4259 254 4317 vit.
265 4261 335 4327 biv,
347 4265 457 4325 xxxlll,
474 4265 516 4316 lo.
527 4288 561 4301 -
574 4260 648 4313 *rit
660 4259 729 4323 mn,
740 4258 796 4322 Vll,
813 4260 839 4312 2.
