3000 5220
647 405 842 480 ...50⁶-

210 572 454 650 Μῶα-,ια
467 537 1110 633 ut.÷-su1ute.÷oaoaveu.-vorsou.

211 657 1060 746 -—Quippinet-Bustirape—Certe.-Fureiler.-Footum
1069 662 1184 738 optume
1194 662 1215 718 ¹.
1223 661 1282 721 Etr.

211 819 414 896 Procaciora
429 823 504 892 hato
522 829 555 892 et
572 820 696 892 acriori
712 820 783 891 sale
802 821 976 910 inspersa,
1004 829 1084 908 qnos
1101 823 1220 893 neseio
1237 844 1282 893 an

210 935 392 1011 Menandri
414 937 654 1028 temperantiae
677 953 749 1007 non
773 936 857 1007 satis
872 937 1121 1026 respondeant,
1150 937 1285 1010 Aristo-

210 1041 330 1147 phani,
350 1054 574 1145 petulantiori
589 1056 717 1143 poetar,
738 1052 855 1144 potius
876 1052 1019 1124 relenda
1042 1053 1180 1143 Lipsius
1202 1075 1286 1126 een-

211 1167 344 1255 sebat¹,
365 1178 399 1242 et
417 1170 542 1240 euhoe
563 1158 712 1238 Nullum
730 1169 808 1240 loeo
829 1168 937 1240 luisse
956 1187 1118 1261 expressa
1136 1170 1286 1256 arbitra-

210 1288 315 1358 batur
329 1291 341 1356 τ’

372 1440 539 1518 Καταπὺγων
554 1438 576 1498 εἶ
588 1440 793 1516 κάναίσχυντος.

369 1568 409 1580 -
420 1527 491 1594 idda
502 1534 531 1614 μ’
544 1537 658 1615 εἴρηκας.
675 1567 713 1577 -
725 1534 778 1594 ilat
792 1534 953 1613 depoldxot.
1007 1605 1011 1613 ι

370 1666 409 1678 -
422 1635 529 1712 Κρίνεσι
545 1625 689 1712 στεφανοῖξ.
703 1665 742 1675 -
756 1634 808 1691 Καὶ
822 1637 995 1711 πατραλοίας.

369 1765 410 1776 -
420 1742 518 1812 Χρυσῷ
532 1737 636 1790 πάττων
647 1729 675 1809 μ’
688 1736 719 1787 οὐ
731 1736 881 1814 ’γιγνῴσκεις
893 1724 915 1787 ³.
934 1729 1000 1787 Ele.
1049 1770 1051 1774 .

211 1906 313 1974 Hunc
332 1904 439 1994 igitur
457 1904 658 1987 Ballionem,
677 1903 766 1972 mira
780 1901 970 1972 subnixum
987 1901 1215 1990 impudentia,
1233 1911 1285 1974 tot

211 2027 414 2109 coopertum
433 2019 574 2109 flagitiis
600 2026 634 2088 et
661 2018 801 2109 flagitiis
824 2018 1050 2108 gloriantem,
1079 2018 1286 2090 lenonibus-

210 2152 279 2224 que
297 2133 515 2204 Terentianis
532 2120 784 2204 alienissimum
804 2134 864 2222 qui
882 2135 925 2204 de
943 2154 980 2205 se
998 2127 1185 2206 humiliora
1204 2158 1286 2207 sen-

210 2251 304 2320 tiunt
319 2252 556 2339 etloquuntur
569 2244 599 2332 ⁴,
616 2248 687 2318 sive
704 2249 747 2318 ad
760 2249 887 2318 reterls
898 2250 1074 2338 exemplar
1089 2253 1283 2336 oomoediae,

210 2374 250 2437 ut
261 2364 371 2438 voluit
387 2367 536 2456 Lipsius,
555 2365 636 2448 sive,
658 2365 752 2453 quod
762 2363 994 2434 uerisimilius
1013 2375 1077 2449 est,
1096 2368 1140 2436 ad
1158 2369 1286 2437 Roma-

210 2503 337 2552 norum
357 2503 494 2554 morum
521 2480 666 2572 effigiem
690 2481 897 2571 fingeretur,
920 2481 1135 2571 petulantius
1153 2489 1187 2553 et
1203 2504 1287 2572 pro-

211 2598 341 2667 tervius
360 2597 490 2684 aliquid
505 2614 614 2685 quum
630 2596 666 2664 in
681 2596 789 2665 latina
806 2616 920 2680 scena,
937 2598 1123 2686 plaudente
1140 2601 1282 2689 populo,

210 2711 350 2801 prodiit,
364 2698 442 2804 prae
454 2732 491 2781 se
503 2710 625 2786 tulisse
641 2710 860 2780 crediderim.
875 2712 954 2794 Nec,
966 2711 1036 2781 nisi
1053 2712 1090 2782 in
1103 2712 1169 2782 hac
1182 2716 1286 2786 Plau-

212 2837 269 2897 tus
288 2824 405 2896 fabula
424 2827 491 2895 sibi
512 2826 717 2896 indulsisset
734 2825 889 2910 liberius,
915 2834 949 2896 et
962 2828 1064 2915 plura
1080 2829 1123 2900 de
1143 2850 1207 2900 suo
1226 2852 1287 2901 ex-

212 2942 441 3042 prompsisset
454 2941 605 3034 ingenio,
623 2943 793 3013 Pseudolo
806 2944 917 3034 magis
935 2963 1039 3033 quam
1055 2946 1178 3016 ceteris
1197 2957 1288 3018 esset
1317 2968 1321 2978 ’

213 3055 396 3149 gavisus⁸;
429 3074 543 3148 neque
572 3056 670 3148 plebs
705 3053 749 3128 ad
780 3065 916 3129 aetatem
938 3074 1056 3154 ¹usque
1079 3058 1284 3147 Tullianam,

212 3171 562 3256 Rosolunt,ltallionis
571 3181 688 3262 partes
698 3175 984 3262 agentemtantis
996 3177 1287 3266 excepissetplau·

213 3281 344 3369 sibuol,
361 3285 429 3355 nisi
448 3289 623 3357 Romanos
638 3299 754 3356 mores
774 3286 923 3358 fideliter
935 3286 1061 3359 relatos
1082 3292 1287 3385 egregieque

136 3451 140 3458 -
200 3401 395 3499 'expressos
414 3403 622 3494 agnovisset.

263 3518 335 3590 Cur
359 3517 577 3610 frequentius
604 3519 804 3590 meretrices
830 3519 867 3589 in
891 3508 1019 3592 lanulis
1046 3523 1122 3594 suis
1144 3520 1287 3613 Plautus

213 3634 427 3720 adhibuerit,
449 3635 640 3707 Cleostrata
665 3654 730 3705 nos
749 3632 865 3718 dotet,
892 3634 1081 3708 Stallnonis
1098 3652 1169 3732 non
1190 3640 1285 3711 mitis

214 3770 312 3834 uxor,
330 3753 414 3822 durn
432 3751 565 3835 acerbe,
583 3759 623 3823 ut
642 3750 778 3834 assolet,
795 3748 908 3823 virum
926 3750 1072 3845 castigat
1089 3775 1104 3849 :¹
1124 3801 1125 3808 κ

250 3953 257 3984 ¹
269 3949 377 4017 Pseud,
391 3956 412 4020 l,
422 3958 449 4017 ὅς
462 3957 522 4008 126.
531 3954 583 3994 -2
593 3956 663 4007 lust.
674 3954 758 4018 lips,
770 3955 883 4016 Epistol.
895 3959 1001 4019 quaest,
1012 3957 1057 4020 lll,
1073 3957 1116 4008 17.
1127 3983 1162 3996 -
1173 3956 1286 4021 ³Arist.,

211 4044 292 4112 Not..
308 4044 370 4095 909.
388 4071 424 4082 -
439 4043 450 4077 ⁸
464 4048 536 4108 Ter„
554 4046 676 4109 Adelph,
697 4043 729 4103 ll,
746 4041 772 4104 9,
787 4041 834 4094 ll.
850 4069 885 4080 —
898 4040 908 4074 ⁵
923 4045 990 4106 cre,
1008 4050 1044 4098 lle
1062 4050 1176 4110 Sonent„
1191 4049 1236 4100 14.
1253 4073 1288 4086 -
1304 4059 1306 4061 ’

213 4128 307 4196 ldie,
320 4146 370 4196 pro
385 4139 458 4186 llosc.
470 4150 549 4199 coru,
565 4137 590 4186 7.
