3000 5220
654 364 847 432 ..22-

210 538 308 621 perta
328 531 474 613 cistella,
495 551 563 620 qua
588 530 716 618 quihus
732 529 777 597 sit
794 536 869 599 orta
893 530 1099 619 parentibus
1117 529 1286 600 Silenium

211 647 431 737 perspicitur,
454 651 562 715 restat
584 653 623 715 ut
640 645 808 734 Demipho
831 645 936 714 filiam
961 651 1143 736 agnoscat,
1166 664 1290 714 aman·

211 765 308 852 tique
332 763 560 851 despondeat,
584 769 618 831 et
642 782 779 843 omnes,
807 769 846 831 ut
871 762 910 830 fit
935 763 999 830 suh
1026 760 1131 830 finem
1155 780 1290 830 comoe-

213 880 365 961 diarum,
394 879 430 946 in
453 878 607 947 laetitiam
633 877 868 947 effundantur.
895 877 960 946 Sed
984 877 1100 946 nescio
1124 897 1194 966 quo
1217 876 1289 947 lato

213 995 289 1064 illas
304 997 515 1086 ἀναγνωρίσεις,
534 994 663 1083 quihus
683 1014 754 1063 non
775 994 913 1082 parcius
935 993 970 1061 in
992 994 1161 1063 comoedia
1182 1012 1289 1081 quam

215 1110 251 1179 in
281 1111 450 1201 tragoedia
476 1111 585 1180 Graeci
608 1106 807 1192 utebantur,
832 1110 984 1179 deterius
1008 1110 1130 1180 ceteris
1145 1111 1291 1181 Plautus

214 1247 352 1315 semper
380 1226 553 1297 hahuerit.
584 1227 625 1295 lli
654 1228 747 1295 enim
777 1226 837 1295 filii
871 1226 913 1294 ah
948 1227 1108 1314 improbo
1137 1228 1290 1315 quodam

215 1364 314 1414 servo
333 1343 434 1432 rapti,
461 1363 623 1432 quorum„
637 1345 747 1411 rarior
772 1350 805 1413 et
828 1342 1021 1425 ohscurior,
1044 1344 1127 1412 dum
1148 1345 1289 1428 absunt,

216 1458 255 1529 srt
279 1460 427 1541 mentio,
454 1460 583 1540 nescis,
608 1479 717 1545 quum
741 1460 898 1540 redeunt,
926 1460 1019 1529 unde
1039 1459 1089 1527 sic
1110 1459 1289 1547 improvisi

217 1574 436 1655 exoriantur;
456 1593 521 1643 nec
539 1574 647 1664 magis
663 1575 826 1644 videntur
841 1577 1079 1663 aparentibus
1098 1575 1172 1645 suis
1185 1595 1291 1665 quam

217 1691 445 1779 'aspectatore
462 1691 650 1759 desiderari
670 1713 677 1759 :
698 1692 782 1760 adeo
801 1711 871 1773 eos,
896 1698 1081 1780 postquam
1102 1691 1198 1762 suere
1218 1697 1290 1761 tam

216 1808 339 1896 procul
351 1806 475 1876 remoti
495 1812 634 1895 tamque
650 1807 709 1877 diu
726 1809 898 1890 absentes,
914 1813 1030 1894 patres
1049 1814 1083 1877 et
1102 1807 1291 1896 propinqui

217 1924 368 1993 breviter
386 1925 612 2013 alloquuntur
628 1931 661 1994 et
677 1924 801 2015 frigide
819 1924 1011 2013 excipiuntl
1034 1927 1073 1992 ln
1093 1922 1292 1992 Cistellaria

217 2061 298 2110 vero
320 2036 474 2122 Plautus,
498 2047 538 2109 ut
555 2061 591 2109 se
608 2040 733 2110 harum
756 2046 970 2136 άναγνωρίσεων
989 2039 1092 2110 taedio
1114 2040 1289 2122 eximeret,

216 2156 316 2246 prius
344 2154 515 2237 fabulam,
542 2176 645 2245 quam
672 2163 763 2226 esset
788 2159 932 2226 omnino
955 2162 1109 2245 peraeta,
1138 2156 1289 2246 abrupit.

217 2273 282 2344 Vix
297 2273 390 2343 enim
401 2273 570 2362 Demipho
585 2274 627 2341 ad
641 2271 776 2343 affinem
794 2294 897 2345 suum
915 2276 1093 2365 ingressus
1107 2281 1169 2358 est,
1182 2292 1290 2364 quum

219 2391 399 2461 inducitur
416 2390 588 2482 choragus
607 2390 709 2473 idem,
731 2389 977 2479 impeditorum
1000 2388 1197 2461 fabularum
1220 2389 1294 2457 ido·

219 2527 307 2578 neus
324 2509 538 2596 explanator,
556 2508 616 2596 qui
635 2528 708 2577 rem
729 2508 784 2576 his
799 2508 914 2578 verbis
935 2506 1120 2577 conficiat:

319 2746 358 2801 Ne
373 2740 548 2816 exspectetis,
560 2746 738 2816 spectatores,
754 2742 822 2801 dum
837 2742 878 2802 dli
891 2742 946 2803 huc
958 2744 993 2802 ad
1007 2759 1057 2802 ros
1071 2745 1185 2814 exeant3

323 2835 410 2890 Nemo
425 2829 524 2903 exihit3
540 2846 636 2890 omnes
650 2831 724 2890 intus
737 2832 883 2892 conficient
897 2833 1048 2908 negotium.

268 3071 385 3156 Quum
404 3070 484 3140 inde
501 3058 666 3158 appareat
679 3073 839 3142 Plautum
856 3091 947 3159 saepe
963 3071 1094 3160 aliquid
1108 3092 1150 3141 ex
1162 3071 1292 3142 Graecis
1365 3060 1368 3065 ’

219 3190 400 3258 comoediis
418 3189 619 3272 detraxisse,
635 3210 699 3260 nec
714 3196 830 3260 tamen
847 3190 922 3280 ejus
938 3188 1064 3258 iahulac
1075 3190 1293 3260 Terentianis

218 3305 394 3375 breviores
416 3307 502 3390 sint,
527 3328 668 3378 necesse
693 3314 745 3378 est
769 3308 928 3397 quaedam
957 3305 1093 3375 auxerit
1115 3313 1149 3377 et
1170 3307 1212 3378 de
1229 3326 1293 3377 suo

218 3422 490 3510 amplificaverit.
516 3426 591 3495 Non
619 3446 738 3514 paucae
760 3427 852 3514 apud
870 3443 950 3494 eum
970 3444 1084 3494 scenae
1104 3430 1295 3494 occurrunt

218 3539 317 3629 queis
342 3540 520 3610 lubentius
542 3542 665 3612 ceteris
686 3550 719 3612 et
738 3541 931 3630 impensius
959 3562 1059 3631 aequo
1079 3544 1215 3629 poetam
1240 3539 1294 3608 in-

218 3656 367 3726 dulsisse
397 3657 624 3740 crediderim;
663 3659 800 3746 illaeque
832 3677 872 3727 eo
907 3657 1041 3727 facilius
1076 3655 1292 3726 animadver-

216 3779 341 3844 tuntur
374 3779 409 3844 et
455 3774 573 3843 oculos
610 3775 871 3864 quaeritantium
907 3773 1180 3869 praestringunt,
1223 3791 1293 3860 quo

215 3890 316 3979 pejus
344 3910 423 3959 cum
443 3890 586 3980 reliquis
606 3892 750 3973 haerent,
776 3911 840 3961 nec
868 3892 952 3961 satis
979 3889 1139 3959 idoneam
1164 3887 1295 3958 hahent

217 4024 358 4075 causam
387 4025 450 4076 cur
483 4026 589 4096 supra
620 4008 762 4076 modum
793 4012 997 4097 augeantur.
1028 4005 1174 4096 Fingere
1207 4003 1293 4074 mihi

217 4142 351 4211 nequeo
381 4124 520 4194 Graecos
537 4131 662 4215 ¹poetas
688 4124 780 4194 intra
803 4144 892 4215 quos
914 4143 1063 4213 quaeque
1083 4143 1186 4195 scena
1206 4122 1292 4194 lines
