3008 5154
620 371 814 444 ..39-

180 543 377 626 uenationes,
392 542 521 631 quibus
537 539 748 610 abstinuisse
767 539 803 609 in
821 538 975 630 Captiuis
992 540 1173 632 gloriatur,
1186 563 1258 618 non

181 663 294 732 solum
315 660 399 729 alias
416 658 608 747 saepissime
632 664 712 726 ante
741 658 860 727 oculos
888 664 1028 727 nostros
1043 658 1180 747 posuit,
1199 658 1259 729 sed

181 786 329 851 conatus
348 784 401 849 est
418 777 528 847 etiam
540 775 635 844 omni
652 775 753 863 culpa
769 776 920 847 eximere
939 799 947 846 :

286 982 441 1050 Postremo,
456 977 484 1035 in
495 993 599 1060 magno
614 977 728 1053 populo,
743 977 771 1036 in
783 957 879 1037 multis
893 978 1062 1054 hominibus,

285 1072 326 1127 Re
341 1066 451 1142 placida
462 1073 546 1141 atque
559 1066 660 1139 otiose,
671 1067 750 1126 vietis
769 1067 902 1136 hostibus,

287 1162 387 1217 Amare
403 1161 514 1231 oportet
528 1171 625 1215 omnes
635 1158 654 1212 ¹.

552 1289 639 1345 Nemo
651 1285 717 1344 hino
728 1285 860 1362 prohibet
872 1302 924 1346 neo
935 1294 1021 1362 vetet,

97 1432 100 1442 ,
191 1388 192 1391 ’
286 1377 370 1450 Quin,
384 1376 459 1451 quod
473 1375 565 1451 palam
582 1375 617 1434 'st
630 1376 738 1448 venale,
753 1375 777 1435 si
787 1381 933 1452 argentum
943 1377 990 1452 ’st,
1002 1381 1106 1437 emes¹.

179 1574 310 1659 ltaque,
328 1571 357 1640 si
382 1571 485 1641 modo
505 1570 613 1647 velint
630 1571 776 1661 juvenes
795 1571 961 1660 plaudere
980 1567 1060 1667 (nee
1074 1578 1257 1643 recusatu-

179 1706 237 1756 ros
262 1687 433 1770 arbitror3
464 1682 582 1759 fabula
618 1687 711 1757 enim
740 1688 945 1777 plerumque
975 1689 1011 1757 in
1039 1689 1256 1779 iuvenilibus

179 1803 358 1874 amoribus
390 1787 629 1874 describendis
662 1806 942 1893 excusandisque
972 1801 1150 1899 versatur]
1181 1805 1256 1896 lege

179 1929 276 1994 cavet
292 1930 395 2011 poeta
412 1929 451 1991 ut
466 1921 583 1990 omnia
604 1922 767 1992 omnibus
781 1922 933 2020 liceant:

181 2172 183 2176 .
284 2128 343 2183 Neu
358 2124 505 2199 quisquam
518 2125 633 2199 posthae
644 2125 791 2201 prohibeto
797 2125 1010 2186 adulescentem
1023 2125 1113 2185 filium

284 2213 357 2282 Quin
366 2218 442 2273 amet
452 2219 480 2273 et
492 2221 613 2272 scortum
625 2212 736 2273 dueat³.

177 2415 246 2484 Neo
274 2420 330 2484 est
353 2435 434 2504 erga
460 2415 668 2484 libidinosos
693 2434 795 2483 senes
825 2414 1088 2496 inclementior;
1117 2403 1252 2484 namsi

178 2529 319 2618 quando
338 2526 482 2610 fuerint,
501 2530 584 2600 dum
603 2528 719 2599 fabula
738 2530 863 2619 agitur,
882 2529 1047 2600 ludificati
1063 2545 1082 2598 a
1098 2531 1206 2600 servis
1219 2537 1253 2602 et

178 2645 293 2714 aerius
311 2644 354 2713 ab
371 2665 478 2714 uxore
492 2645 623 2727 vexati,
650 2645 851 2733 importuna
874 2645 949 2714 haee
968 2646 1158 2717 dimittitur
1172 2666 1251 2718 oum

176 2759 293 2830 fabula
310 2761 490 2842 severinam
504 2769 537 2830 et
554 2761 662 2831 multo
677 2761 865 2831 humanior
879 2761 1051 2850 choragus
1061 2782 1133 2831 non
1148 2763 1251 2833 modo

177 2891 235 2940 eos
253 2871 362 2940 cuivis
377 2871 557 2962 indulgere
576 2872 745 2960 voluptati
762 2873 862 2955 sinit,
884 2874 959 2955 sed,
977 2873 1005 2943 si
1026 2875 1179 2965 henigne
1195 2895 1248 2944 ao·

177 2993 270 3056 tores
287 2986 472 3075 excipiant,
492 2988 692 3057 amantibus
707 2986 821 3056 fausta
840 2989 955 3055 omnia
976 2989 1175 3059 ominatur:

210 3195 289 3250 Nune
298 3206 347 3254 ros
358 3205 466 3265 aequom
479 3188 515 3248 ’st
529 3188 656 3247 manibus
670 3188 776 3247 meritis
790 3192 919 3248 meritam
933 3188 1091 3249 mercedem
1103 3189 1188 3272 daroj

210 3282 263 3352 Qui
276 3280 353 3354 faxit,
367 3281 439 3370 olam
455 3296 570 3340 uxorem
584 3278 667 3338 ducat
680 3285 803 3339 scortum
816 3296 937 3356 semper,
949 3280 1026 3355 quod
1035 3279 1139 3340 rolet⁴.

175 3476 355 3574 Quae'rum
371 3487 607 3557 audiverimus
617 3494 802 3577 praerepta,
815 3509 833 3557 e
845 3487 1133 3577 philosophorum
1150 3489 1251 3559 libris

175 3624 396 3695 nequaquam
417 3604 636 3694 deprompta,
660 3593 697 3673 i'n
723 3625 832 3694 eaque
858 3604 1040 3674 comoediae
1064 3610 1163 3693 parte
1187 3627 1252 3696 po-

175 3722 252 3805 sita,
276 3741 354 3810 quae
373 3722 580 3810 plerumque
599 3721 686 3791 solet
712 3743 815 3810 quem
837 3740 879 3791 ex
902 3721 1072 3790 comoedia
1096 3719 1249 3795 fructum

174 3825 371 3929 percepturi
411 3837 521 3906 simus
561 3857 754 3926 exponere,
790 3837 902 3907 Plauti
936 3836 1072 3907 fabulas
1106 3838 1251 3910 minimo

208 4090 217 4124 ¹
233 4090 354 4150 mutel„
365 4089 387 4151 l,
403 4089 429 4150 1,
440 4089 528 4140 55.-·
541 4086 552 4121 ¹
565 4083 688 4150 curcul,
709 4089 730 4151 l,
751 4089 777 4151 1,
791 4089 835 4141 55.
853 4114 889 4126 -
904 4086 1053 4152 ⁸n1ereat.‚
1073 4089 1104 4152 V,
1120 4089 1148 4153 4,
1163 4091 1250 4144 61.-

172 4177 183 4214 ⁴
195 4175 283 4235 Castu
292 4217 299 4242 ‚
309 4179 362 4230 sub
375 4177 421 4228 fin.
