3000 5220
543 496 788 573 QUOMODO
877 556 879 559 .

279 751 656 898 GRAECOS
725 749 1074 882 ronias

344 1074 566 1203 aelurus
602 1074 1010 1160 rnunsruunnna

414 1431 938 1490 m··0⁴³0{00*m····w-·“

194 1801 403 1887 Quanquam
429 1798 571 1866 Plautus
588 1814 624 1864 se
644 1793 780 1864 hbulas
807 1798 889 1863 suas
917 1814 959 1862 ex
983 1794 1095 1864 alieno
1119 1795 1216 1865 i'onte

141 1916 299 1985 hausisse
318 1906 435 2003 apcite
459 1911 620 1993 declaret,
640 1909 747 1978 immo
767 1909 945 1999 glorietur,
968 1909 1126 1999 nihilque
1149 1911 1216 1980 sibi

142 2031 216 2102 suis
239 2031 276 2098 in
297 2029 461 2118 operibus
482 2032 640 2116 arroget,
668 2044 773 2112 seque
793 2024 946 2093 Athenas
971 2024 1104 2095 Atticas
1125 2027 1217 2096 intra

141 2149 298 2216 Romana
326 2143 467 2226 moenia,
488 2142 563 2212 sine
583 2141 794 2222 architectis,
821 2141 1029 2212 collaturum
1055 2143 1219 2231 pollicea-

142 2271 202 2333 tur
214 2261 238 2344 ¹‚
249 2260 400 2355 plurima
415 2265 530 2328 tamen
546 2259 600 2329 vel
617 2258 819 2328 summatim
835 2258 1013 2328 Plautinas
1029 2260 1219 2328 comoedias

144 2376 381 2451 evolventibus
394 2362 624 2446 obversantur
633 2377 798 2442 Romanae
815 2374 927 2461 plebis
944 2374 1125 2464 ingenium
1140 2375 1220 2463 plus

145 2516 245 2583 aequo
270 2491 471 2573 redolentia,
494 2512 572 2579 quae
594 2499 746 2560 mentem
772 2496 927 2589 nostram
954 2511 973 2559 e
996 2491 1139 2573 Graecia,
1157 2491 1219 2561 ubi

144 2629 201 2679 res
229 2613 409 2700 geruntur,
435 2610 580 2675 Romam
609 2605 790 2687 revehunt,
818 2625 883 2674 nec
912 2606 1036 2676 sinunt-
1059 2607 1220 2678 dubitare

145 2725 231 2819 quin
248 2727 366 2795 Graeca
384 2743 488 2812 opera
511 2723 555 2792 ad
568 2725 743 2791 Romanos
759 2741 846 2791 usus
866 2743 1060 2812 moresque,
1078 2724 1221 2794 liberior

146 2842 332 2930 interpres,
348 2838 566 2927 frequentius
590 2833 807 2908 detorserit².
821 2838 866 2907 ht
890 2840 924 2907 si·
943 2839 1021 2923 hoe,
1038 2841 1132 2928 quod
1153 2840 1221 2910 cito

147 2957 385 3045 suspicamur,
410 2954 630 3025 manifestius
647 2955 800 3024 indicare
815 2955 1028 3049 penitusque
1045 2957 1222 3052 recludere

146 3073 372 3156 voluerimus,
387 3078 432 3154 et,
449 3071 485 3139 in
503 3071 568 3139 hac
584 3071 781 3139 Graeoarum
800 3068 997 3140 hbularum
1015 3071 1220 3163 imitatione,

148 3207 227 3280 quae
238 3209 318 3259 vere
332 3189 490 3258 Plautina
505 3193 588 3256 sunt
601 3206 732 3268 eruere,
743 3186 860 3276 magni
873 3187 1001 3256 laboris
1014 3205 1087 3257 rem
1102 3208 1225 3279 aggre-

149 3291 296 3375 diemur.
329 3304 464 3374 Periere
494 3302 587 3373 enim
614 3301 790 3390 Diphilus,
822 3303 994 3386 Philemo,
1021 3304 1222 3386 Menander,

150 3419 325 3506 ceterique
348 3439 437 3506 quos
462 3418 605 3487 Plautus
631 3414 772 3484 harbure
797 3426 953 3502 vortunt,
980 3425 1031 3501 et,
1054 3439 1118 3507 per
1140 3424 1226 3488 tem·

150 3534 247 3625 poris
269 3535 570 3621 barbarorumque
599 3532 785 3616 inuidiam,
815 3535 981 3604 translata
1009 3554 1088 3604 cum
1116 3553 1227 3603 exem-

150 3649 309 3740 plaribus
332 3647 490 3720 con-ferre
516 3649 618 3718 nobis
649 3668 722 3718 non
753 3649 844 3720 licet.
873 3651 938 3721 Vix
966 3670 1078 3740 pauca
1105 3668 1226 3719 eorum

187 3842 333 3914 impl„
344 3843 460 3916 proh-u
472 3841 483 3878 ¹
495 3845 579 3910 loom
589 3843 661 3908 illus,
678 3844 707 3901 in
720 3842 821 3915 quihus
837 3843 949 3901 nonani
964 3857 1052 3901 mores
1063 3843 1228 3906 referuntur,

152 3934 358 4007 diligentissime
367 3935 422 4000 jem
436 3936 540 3993 notarit
551 3934 676 4008 egregius,
686 3933 727 3989 rin
738 3942 765 3987 et
777 3934 851 4008 apud
859 3935 975 3993 Francos
985 3937 1085 4002 optime
1092 3936 1124 3988 de
1133 3934 1229 3988 Plauto

153 4024 276 4088 meritus,
292 4025 316 4076 J.
332 4025 449 4088 Nandet3
466 4026 510 4078 cui
525 4023 572 4089 qui
590 4023 742 4077 Plancinam
759 4023 877 4088 aliquam
896 4026 1071 4090 questionem
1085 4025 1227 4079 enuclean-

153 4115 214 4165 dam
238 4114 351 4181 suscipit
369 4129 423 4168 non
441 4121 529 4181 potest
548 4114 606 4168 sinc
622 4114 739 4180 piaculo,
760 4125 828 4180 opus
846 4127 924 4168 suum
939 4118 1103 4184 auspicatus,
1125 4115 1231 4168 debitas

154 4211 246 4269 grates
260 4218 313 4258 non
325 4206 484 4270 persolvere.
