3000 5220
652 419 846 491 ...32-

212 583 275 654 tibi
303 582 488 669 videbitur,
519 586 604 654 adeo
628 586 790 658 lubenter
812 589 917 659 verba
947 588 989 659 ad
1018 586 1176 660 forenses
1202 607 1289 660 usus

212 704 470 772 accommodata
489 711 658 792 usurpat:

258 871 262 879 Α
312 892 340 954 si
354 893 436 954 stalu’
450 893 594 954 condictus
607 911 670 955 curn
685 893 765 955 hoste
778 895 926 956 intercedit
938 896 1010 971 dies,

317 983 420 1040 Tamen
431 987 472 1039 est
484 981 617 1055 eundum,
631 997 688 1062 quo
699 981 848 1057 imperent,
862 982 986 1057 ingratiis
997 987 1016 1042 ¹.

210 1162 279 1232 Nec
296 1161 413 1230 minus
439 1165 491 1231 est
508 1160 728 1251 jurisperite
750 1163 825 1253 eJus
848 1163 957 1232 amica
979 1163 1188 1249 Planesium,
1210 1187 1289 1256 quae

211 1285 385 1348 amantem
402 1278 529 1350 salutat
542 1283 708 1367 tanquam
723 1278 872 1370 litiganti
887 1280 1025 1349 cuidam
1040 1282 1285 1370 responderet:
1316 1361 1319 1365 ,

315 1492 367 1552 Ubi
380 1497 410 1551 tu
425 1507 466 1566 es,
480 1492 528 1566 qui
542 1507 587 1551 me
600 1493 769 1551 conradatus
782 1491 897 1552 Veneris
909 1493 1092 1554 vadimoniis?

316 1577 368 1637 Ubi
379 1584 410 1637 tu
424 1594 465 1651 es,
481 1577 588 1653 quirine
601 1577 697 1638 libello
709 1577 821 1638 venerio
835 1577 951 1638 citavisti
964 1582 995 1638 ²?

211 1781 307 1852 Adde
322 1783 416 1871 quod
431 1782 520 1852 sales
535 1782 594 1865 illi,
616 1785 792 1852 Romanos
810 1801 897 1853 usus
919 1782 1021 1852 toties
1040 1788 1180 1871 tamque
1196 1788 1288 1872 ‘apte

211 1897 411 1982 relerentes,
437 1898 656 1970 manifestius
680 1900 784 1970 etiam
809 1899 979 1991 originem
1000 1919 1099 1969 suam
1118 1899 1284 1988 produnt,

210 2016 304 2103 quod
326 2016 475 2102 quadam
494 2017 696 2104 petulantia,
719 2022 789 2099 aut,
816 2016 844 2085 si
871 2017 981 2099 malis,
999 2016 1191 2086 rusticitate
1206 2037 1286 2086 vere

210 2133 365 2200 Romana
382 2131 605 2202 condiuntur.
625 2133 732 2202 Gellio
748 2141 876 2214 autem,
893 2139 1025 2202 veteres
1045 2135 1162 2204 Rornae
1178 2133 1287 2202 comi-
1315 2189 1317 2196 .

211 2265 270 2317 cos
287 2267 365 2317 curn
386 2250 576 2318 Menandro
599 2249 833 2336 componenti,
852 2257 885 2317 et
907 2249 1050 2317 alternis
1076 2249 1286 2319 lectionibus

211 2366 453 2449 committenti,
472 2365 672 2436 rusticiores
688 2365 735 2433 illi
752 2364 840 2434 sales
856 2364 984 2452 oppido
1001 2382 1106 2452 quarn
1121 2364 1236 2453 jacere
1252 2370 1287 2434 et

210 2483 360 2564 sordere,
377 2482 579 2571 facetiisque
601 2491 634 2552 et
653 2482 846 2553 luminibus
864 2483 1063 2551 Graecarum
1087 2478 1283 2551 fabularum

210 2598 425 2666 obsolescere
441 2592 686 2666 videbantur⁸.
711 2598 776 2667 Sed
794 2619 863 2685 quo
885 2597 1130 2668 aMenandrea
1148 2597 1287 2687 elegan-

210 2711 256 2781 tia
274 2711 476 2781 remotiores
491 2721 584 2792 sunt,
598 2731 637 2780 eo
650 2711 803 2800 apertius
819 2712 911 2781 unde
928 2712 998 2781 sint
1015 2710 1155 2780 oriundi
1171 2712 1286 2780 decla-

210 2832 299 2906 rant,
316 2846 380 2895 nee
394 2824 501 2895 suisse
515 2847 534 2894 a
547 2827 665 2895 Graeco
681 2825 776 2896 tonte
790 2826 905 2896 hausti
918 2827 1138 2916 profitentur.
1154 2824 1286 2894 Sermo-

210 2938 324 3024 uibuS,
354 2943 508 3012 Varrone
538 2949 642 3025 teste,
674 2961 774 3031 supet·
804 2950 925 3010 ceteros
957 2943 1103 3011 Plautus
1129 2940 1284 3032 palmum

206 3057 360 3151 poscebat
382 3054 408 3142 ⁴;
430 3060 465 3128 in
483 3060 716 3142 sermonibus,
733 3060 761 3127 si
782 3081 860 3129 vera
877 3061 961 3130 velis
975 3062 1143 3152 Judicare,
1161 3061 1286 3148 praeci-

209 3198 278 3267 pue
296 3176 361 3245 sita
374 3184 426 3246 est
440 3177 597 3246 Plautina
611 3176 776 3245 inventio.
789 3176 880 3244 Nihil
894 3178 1004 3268 magis
1019 3177 1158 3266 propria
1173 3182 1285 3264 poetae

211 3292 419 3380 inscriptum
451 3300 503 3360 est
536 3299 640 3373 nota3
674 3311 846 3380 nusquam
877 3291 953 3380 ejus
982 3291 1111 3382 ingenii
1144 3291 1283 3382 signum

212 3408 314 3479 altius
331 3407 540 3496 impressum
558 3405 719 3494 reperies
741 3406 945 3495 Argumenti
967 3407 1135 3477 rationem
1155 3414 1189 3477 et
1205 3426 1285 3494 per·

211 3545 377 3596 sonarum
414 3523 572 3594 habitum
609 3517 830 3614 (quanquam
862 3522 919 3591 bic
953 3544 1092 3612 quoque
1125 3522 1284 3591 Plautum

211 3642 320 3712 multa
340 3640 578 3711 immutavisse
604 3647 636 3708 et
659 3638 855 3726 corrupisse
875 3637 974 3709 facile
998 3640 1043 3709 sit
1068 3631 1280 3729 pervincere)

211 3758 321 3830 Graeci
341 3768 476 3839 tamen,
503 3757 531 3824 si
559 3777 631 3826 rem
657 3755 858 3825 summatim
887 3762 921 3825 et
944 3757 1103 3826 cominus
1132 3762 1281 3844 spectes,

211 3875 361 3964 quodam
378 3877 481 3945 modo
497 3873 787 3964 suppeditabant:
805 3871 867 3940 has
880 3893 960 3943 vero
976 3891 1176 3943 sermonum
1192 3870 1285 3940 sace-

250 4126 466 4192 1οεηιιι.,ι,ε,
482 4130 510 4182 u.
521 4125 577 4168 -2
588 4089 711 4188 curcur,
722 4124 782 4188 us,
794 4123 919 4179 με.
933 4125 1012 4189 our,
1023 4128 1097 4178 uui.
1109 4127 1178 4188 nc,
1194 4122 1228 4186 u,
1239 4120 1285 4176 aa.

211 4244 246 4257 -
258 4215 358 4282 ibon„
372 4214 399 4271 nl
414 4212 532 4270 Poscere.
601 4282 603 4287 ³
