3000 5220
607 402 608 406 ¹
705 375 898 445 -10-

260 546 404 618 Plautus
418 546 556 616 babuit!
575 548 783 634 Quanquam
802 565 873 614 uon
894 549 1103 618 contendere
1117 546 1229 619 obsim
1244 548 1332 618 nibil

261 662 311 732 eis
335 664 377 732 de
403 663 651 754 dignitatemr
673 661 781 733 fuisse
801 663 1012 746 detractumr
1035 663 1167 754 fucidut
1192 662 1333 733 histrio*

261 777 372 862 nium,
394 791 434 849 ut
454 779 768 868 loquitur-Plautus
784 775 807 862 ¹,
829 792 894 848 uec
910 791 963 848 est
983 800 1046 868 par
1063 781 1210 871 Olympo
1223 790 1332 850 >scobe

261 896 404 965 comica.
419 896 463 965 dt
476 897 536 978 illi,
551 895 581 965 si
596 896 844 984 Epicharmum
860 900 895 965 e't
907 894 1174 984 Aristophanem
1188 898 1330 987 cogites,

260 1014 320 1077 out
335 1009 455 1077 sultem
475 1008 653 1078 Plutonem
666 1007 772 1090 hune,
787 1007 912 1096 priseae
931 1007 1111 1079 comoedire
1128 1027 1200 1078 uon
1221 1008 1333 1078 insul*

260 1134 338 1194 sunt
359 1131 507 1212 poetam,
536 1130 569 1194 et
597 1123 724 1194 fobulae
752 1130 930 1194 auctorem
956 1143 1035 1212 quse
1060 1124 1135 1201 Zeis
1156 1126 1333 1214 meipsum

260 1237 464 1310 inscribitur
476 1237 502 1323 ²,
528 1261 633 1330 quom
655 1240 792 1322 excelsi,
816 1260 920 1328 quam
945 1240 999 1310 sui
1025 1259 1209 1323 memores,-
1224 1251 1333 1330 quom

258 1375 338 1426 vere
360 1357 414 1425 Dii
434 1356 665 1427 videbuntur!
696 1356 759 1423 Hic
782 1355 875 1424 enim
898 1356 1034 1444 Jupiter
1055 1357 1234 1427 inducitur
1261 1377 1332 1427 nou

260 1472 303 1540 ab
326 1472 401 1541 aliis
427 1473 583 1554 derisus,
611 1486 681 1539 non
707 1473 896 1562 semipsum,
922 1471 1018 1542 utin
1039 1474 1158 1543 Grecos
1180 1473 1333 1543 Plutonis

259 1582 388 1667 sabula,
410 1586 470 1654 sed
495 1585 580 1653 ulios
603 1584 765 1654 deridens
784 1590 816 1654 et
832 1584 1020 1673 decipiens.
1039 1584 1332 1673 Amphitruonem

258 1715 363 1785 quom
385 1698 472 1767 mole
493 1698 621 1768 hebeat
643 1698 819 1768 neminem
837 1697 937 1789 fugit,
962 1699 1018 1768 oui
1042 1698 1158 1782 scoies,
1180 1708 1214 1770 ct
1230 1721 1330 1784 uxor,

258 1819 294 1883 et
312 1815 412 1896 servi,
430 1821 465 1884 et
476 1814 675 1903 prandium,
691 1818 725 1883 ot
739 1815 864 1885 domus
877 1815 953 1903 ipsa
968 1815 1219 1903 surripiuntur.
1234 1815 1332 1886 Adde

258 1931 352 2017 quod
379 1930 415 1999 iu
439 1931 495 2000 illa
515 1937 614 2020 parte
638 1928 765 2001 tabule
782 1951 861 2019 quse
877 1930 992 2020 periit,
1010 1929 1142 2000 seimus
1161 1949 1241 2001 cum
1259 1952 1331 2001 nou

259 2046 371 2114 sulum
397 2066 416 2114 a
441 2048 526 2116 Jove
551 2045 659 2116 fuisso
686 2047 915 2129 ludificatum,
941 2048 1002 2117 sed
1025 2067 1045 2115 a
1066 2048 1239 2118 Mercurio
1256 2047 1332 2137 ipso

259 2180 350 2249 aque
375 2162 484 2250 probe
510 2157 747 2250 inspersum³.
774 2165 843 2232 Nos
864 2163 1007 2250 quidem
1023 2163 1228 2234 sublimiore
1253 2163 1335 2235 reli*

259 2279 362 2368 gione
376 2279 551 2362 instructi,
568 2285 601 2377 et
618 2279 660 2348 de
672 2279 982 2370 diriusmap‘estote
995 2279 1117 2348 ultione
1128 2281 1330 2363 sentientes,

258 2390 347 2460 Deos
363 2391 406 2460 od
419 2391 655 2461 clandestinos
671 2411 806 2461 umores
819 2390 966 2472 demitti,
979 2395 1014 2460 et
1023 2388 1217 2458 foedissimo
1230 2390 1334 2461 dede

259 2505 371 2573 coruri
391 2507 562 2575 adulterio
580 2526 652 2575 non
672 2512 882 2594 pateremur.
898 2509 945 2575 Eo
961 2525 1041 2576 vero
1061 2524 1143 2575 eura
1156 2507 1332 2575 Romanos

259 2628 470 2710 spectatores
503 2622 647 2699 minime
679 2621 905 2701 sollicitabat,
933 2629 968 2691 et
992 2620 1022 2688 si
1052 2620 1132 2709 quis
1163 2621 1332 2690 adulteria

258 2739 378 2807 Jovem
400 2738 667 2826 porumdocere
688 2736 936 2818 contendisset,
955 2735 1058 2805 credo
1076 2754 1197 2804 omnes
1212 2737 1332 2806 eadem

259 2873 338 2942 queo
351 2854 556 2938 Mercurius,
575 2857 710 2942 putrem
728 2871 911 2934 excusans,
928 2849 1037 2921 fuisse
1052 2870 1307 2940 responsuros:

329 3065 428 3135 Amat3
448 3065 522 3120 recte
535 3036 601 3120 iacit
616 3059 728 3138 quaudo
742 3057 835 3119 animo
849 3057 1011 3134 obsequitur
1024 3040 1107 3118 suoss.

259 3268 406 3375 Quod
380 3293 408 3340 sr
425 3274 516 3354 eum,
536 3248 620 3342 rium
643 3289 703 3338 suo
721 3262 912 3360 obsequitur·
927 3266 1057 3354 auimo,
1081 3254 1233 3337 ditinum
1259 3268 1334 3338 m't-

256 3386 416 3482 jestatem
438 3380 543 3456 nimis
567 3376 779 3475 depressisse
804 3378 931 3469 doleas,
955 3376 1045 3455 redit
1065 3376 1121 3453 ille
1142 3374 1207 3454 sub
1227 3366 1332 3454 iidem

259 3491 387 3575 iabulae
416 3492 604 3609 integrari
627 3514 727 3591 paene
750 3501 851 3572 eocco
879 3503 1002 3593 major.
1031 3486 1128 3572 'iuno
1154 3484 1332 3570 immutbti

259 3612 396 3693 'videtui
379 3598 585 3690 iscribe'ndi
601 3606 700 3702 ratio,
715 3624 749 3688 et
768 3630 811 3689 ex
827 3609 1032 3688 comoedias
1015 3617 1086 3687 fere
1102 3610 1138 3685 in
1128 3598 1333 3707 tragoediae

260 3726 501 3831 dignitatem
481 3734 641 3831 migrare
662 3717 841 3807 iiort'alem
858 3734 1003 3835 sormam
1021 3728 1117 3806 exuit
1130 3735 1278 3837 Jupiter,
1300 3738 1334 3804 et

256 3860 320 3953 ,qui
339 3862 441 3930 modo
458 3854 668 3950 Amphitruo
686 3836 801 3931 iuerat
822 3846 872 3945 tit,
892 3866 931 3931 ut
950 3838 998 3930 uit
1013 3844 1162 3943 Bromia,
1183 3874 1334 3954 summus

297 4083 305 4117 ¹
319 4084 447 4150 Ampbtt„
460 4083 527 4149 prol.
544 4081 669 4136 tub-¹
679 4077 752 4136 Poct.
769 4084 860 4136 courir.
874 4081 946 4147 frop.
957 4079 1046 4142 bidot,
1064 4078 1164 4132 228.-
1177 4076 1188 4112 ⁸
1201 4074 1332 4145 dmplrtt„

147 4230 150 4235 .
261 4175 306 4240 lit,
318 4176 346 4240 d,
361 4172 671 4239 tu.-⁸mnpure.,111,
685 4173 712 4237 4,
726 4172 768 4226 ts.
846 4182 848 4189 ·
