<?xml version="1.0" encoding="UTF-8"?>
<!DOCTYPE html PUBLIC "-//W3C//DTD XHTML 1.0 Transitional//EN"
    "http://www.w3.org/TR/xhtml1/DTD/xhtml1-transitional.dtd">
<html xmlns="http://www.w3.org/1999/xhtml" xml:lang="en" lang="en">
 <head>
  <title>
</title>
<meta http-equiv="Content-Type" content="text/html;charset=utf-8" />
  <meta name='ocr-system' content='tesseract 3.04.00' />
  <meta name='ocr-capabilities' content='ocr_page ocr_carea ocr_par ocr_line ocrx_word'/>
</head>
<body>
  <div class='ocr_page' id='page_1' title='image "./quomodograecosp00boisgoog_0048.png"; bbox 0 0 3000 5220; ppageno 0'>
   <div class='ocr_carea' id='block_1_1' title="bbox 624 387 821 458">
    <p class='ocr_par' dir='ltr' id='par_1_1' title="bbox 624 387 821 458">
     <span class='ocr_line' id='line_1_1' title="bbox 624 387 821 458; baseline -0.01 -18"><span class='ocrx_word' id='word_1_1' title='bbox 624 387 821 458; x_wconf 68' lang='lat'><strong>..37-</strong></span> 
     </span>
    </p>
   </div>
   <div class='ocr_carea' id='block_1_2' title="bbox 184 555 1319 1212">
    <p class='ocr_par' dir='ltr' id='par_1_2' title="bbox 184 555 1319 1212">
     <span class='ocr_line' id='line_1_2' title="bbox 185 555 1260 648; baseline 0 -21"><span class='ocrx_word' id='word_1_2' title='bbox 185 559 299 629; x_wconf 92' lang='lat' dir='ltr'><strong>solum</strong></span> <span class='ocrx_word' id='word_1_3' title='bbox 332 558 398 628; x_wconf 91' lang='lat' dir='ltr'><strong>hoc</strong></span> <span class='ocrx_word' id='word_1_4' title='bbox 423 557 662 648; x_wconf 83' lang='lat' dir='ltr'><strong>vulgatissimo</strong></span> <span class='ocrx_word' id='word_1_5' title='bbox 691 557 939 647; x_wconf 79' lang='lat' dir='ltr'>epigrammate</span> <span class='ocrx_word' id='word_1_6' title='bbox 963 555 1160 637; x_wconf 89' lang='lat' dir='ltr'><strong>declarant,</strong></span> <span class='ocrx_word' id='word_1_7' title='bbox 1190 576 1260 645; x_wconf 91' lang='lat' dir='ltr'><strong>quo</strong></span> 
     </span>
     <span class='ocr_line' id='line_1_3' title="bbox 185 671 1260 764; baseline -0.003 -19"><span class='ocrx_word' id='word_1_8' title='bbox 185 675 356 764; x_wconf 88' lang='lat' dir='ltr'><strong>quaeritur</strong></span> <span class='ocrx_word' id='word_1_9' title='bbox 380 680 499 744; x_wconf 91' lang='lat' dir='ltr'><strong>utrum</strong></span> <span class='ocrx_word' id='word_1_10' title='bbox 523 673 628 743; x_wconf 91' lang='lat' dir='ltr'><strong>vitam</strong></span> <span class='ocrx_word' id='word_1_11' title='bbox 648 673 862 753; x_wconf 76' lang='lat' dir='ltr'><strong>Menander,</strong></span> <span class='ocrx_word' id='word_1_12' title='bbox 877 691 922 740; x_wconf 90' lang='lat' dir='ltr'><strong>an</strong></span> <span class='ocrx_word' id='word_1_13' title='bbox 940 671 1171 741; x_wconf 80' lang='lat' dir='ltr'><strong>Menandrum</strong></span> <span class='ocrx_word' id='word_1_14' title='bbox 1189 672 1260 742; x_wconf 85' lang='lat' dir='ltr'><strong>vita</strong></span> 
     </span>
     <span class='ocr_line' id='line_1_4' title="bbox 185 786 1319 880; baseline -0.003 -20"><span class='ocrx_word' id='word_1_15' title='bbox 185 790 413 880; x_wconf 86' lang='lat' dir='ltr'><strong>expresserit;</strong></span> <span class='ocrx_word' id='word_1_16' title='bbox 441 790 501 859; x_wconf 94' lang='lat' dir='ltr'><strong>sed</strong></span> <span class='ocrx_word' id='word_1_17' title='bbox 517 789 614 858; x_wconf 93' lang='lat' dir='ltr'><strong>latini</strong></span> <span class='ocrx_word' id='word_1_18' title='bbox 636 807 774 878; x_wconf 92' lang='lat' dir='ltr'><strong>quoque</strong></span> <span class='ocrx_word' id='word_1_19' title='bbox 792 787 978 876; x_wconf 83' lang='lat' dir='ltr'><strong>scriptores</strong></span> <span class='ocrx_word' id='word_1_20' title='bbox 995 786 1157 876; x_wconf 82' lang='lat' dir='ltr'><strong>plurimis</strong></span> <span class='ocrx_word' id='word_1_21' title='bbox 1173 787 1259 858; x_wconf 87' lang='lat' dir='ltr'><strong>locis</strong></span> <span class='ocrx_word' id='word_1_22' title='bbox 1317 845 1319 849; x_wconf 95' lang='lat'>.</span> 
     </span>
     <span class='ocr_line' id='line_1_5' title="bbox 186 903 1260 996; baseline -0.003 -21"><span class='ocrx_word' id='word_1_23' title='bbox 186 927 335 996; x_wconf 87' lang='lat' dir='ltr'><strong>eumque</strong></span> <span class='ocrx_word' id='word_1_24' title='bbox 355 907 515 975; x_wconf 86' lang='lat' dir='ltr'><strong>maximis</strong></span> <span class='ocrx_word' id='word_1_25' title='bbox 533 906 696 976; x_wconf 79' lang='lat' dir='ltr'>laudibus</span> <span class='ocrx_word' id='word_1_26' title='bbox 712 905 1054 994; x_wconf 81' lang='lat' dir='ltr'><strong>praedicaverellinc</strong></span> <span class='ocrx_word' id='word_1_27' title='bbox 1072 903 1207 986; x_wconf 79' lang='lat' dir='ltr'><strong>Ouidio,</strong></span> <span class='ocrx_word' id='word_1_28' title='bbox 1219 908 1260 975; x_wconf 91' lang='lat' dir='ltr'><strong>ut</strong></span> 
     </span>
     <span class='ocr_line' id='line_1_6' title="bbox 185 1019 1318 1121; baseline 0 -29"><span class='ocrx_word' id='word_1_29' title='bbox 185 1030 318 1093; x_wconf 89' lang='lat' dir='ltr'><strong>ceteros</strong></span> <span class='ocrx_word' id='word_1_30' title='bbox 345 1029 496 1104; x_wconf 90' lang='lat' dir='ltr'><strong>taceam,</strong></span> <span class='ocrx_word' id='word_1_31' title='bbox 532 1021 669 1093; x_wconf 91' lang='lat' dir='ltr'><strong>videtur</strong></span> <span class='ocrx_word' id='word_1_32' title='bbox 693 1020 988 1121; x_wconf 86' lang='lat' dir='ltr'><strong>immortalitatem</strong></span> <span class='ocrx_word' id='word_1_33' title='bbox 1022 1019 1087 1089; x_wconf 89' lang='lat' dir='ltr'>sibi</span> <span class='ocrx_word' id='word_1_34' title='bbox 1118 1039 1260 1109; x_wconf 80' lang='lat' dir='ltr'><strong>compa·</strong></span> <span class='ocrx_word' id='word_1_35' title='bbox 1311 1088 1318 1092; x_wconf 80' lang='grc'>,</span> 
     </span>
     <span class='ocr_line' id='line_1_7' title="bbox 184 1161 342 1212; baseline 0 -1"><span class='ocrx_word' id='word_1_36' title='bbox 184 1161 342 1212; x_wconf 87' lang='lat' dir='ltr'><strong>ravrsse:</strong></span> 
     </span>
    </p>
   </div>
   <div class='ocr_carea' id='block_1_3' title="bbox 288 1302 1059 1505">
    <p class='ocr_par' dir='ltr' id='par_1_3' title="bbox 288 1302 1059 1505">
     <span class='ocr_line' id='line_1_8' title="bbox 288 1302 1006 1414; baseline -0.006 -14"><span class='ocrx_word' id='word_1_37' title='bbox 288 1344 360 1400; x_wconf 85' lang='lat' dir='ltr'><strong>Dum</strong></span> <span class='ocrx_word' id='word_1_38' title='bbox 375 1338 460 1399; x_wconf 80' lang='lat' dir='ltr'>fallax</span> <span class='ocrx_word' id='word_1_39' title='bbox 473 1302 580 1413; x_wconf 78' lang='lat' dir='ltr'><strong>semus,</strong></span> <span class='ocrx_word' id='word_1_40' title='bbox 593 1339 680 1398; x_wconf 92' lang='lat' dir='ltr'><strong>durus</strong></span> <span class='ocrx_word' id='word_1_41' title='bbox 694 1343 786 1414; x_wconf 91' lang='lat' dir='ltr'><strong>pater,</strong></span> <span class='ocrx_word' id='word_1_42' title='bbox 800 1337 929 1412; x_wconf 90' lang='lat' dir='ltr'><strong>improba</strong></span> <span class='ocrx_word' id='word_1_43' title='bbox 942 1337 1006 1397; x_wconf 92' lang='lat' dir='ltr'><strong>lena</strong></span> 
     </span>
     <span class='ocr_line' id='line_1_9' title="bbox 324 1427 1059 1505; baseline -0.003 -17"><span class='ocrx_word' id='word_1_44' title='bbox 324 1431 433 1505; x_wconf 85' lang='lat' dir='ltr'><strong>vivent,</strong></span> <span class='ocrx_word' id='word_1_45' title='bbox 446 1430 513 1490; x_wconf 92' lang='lat' dir='ltr'><strong>dum</strong></span> <span class='ocrx_word' id='word_1_46' title='bbox 525 1430 656 1490; x_wconf 75' lang='lat' dir='ltr'><strong>meretrix</strong></span> <span class='ocrx_word' id='word_1_47' title='bbox 667 1428 780 1503; x_wconf 88' lang='lat' dir='ltr'><strong>blanda,</strong></span> <span class='ocrx_word' id='word_1_48' title='bbox 791 1427 958 1492; x_wconf 81' lang='lat' dir='ltr'><strong>Menandros</strong></span> <span class='ocrx_word' id='word_1_49' title='bbox 972 1427 1026 1500; x_wconf 83' lang='lat' dir='ltr'><strong>erit</strong></span> <span class='ocrx_word' id='word_1_50' title='bbox 1039 1429 1059 1486; x_wconf 90' lang='lat'><strong>¹.</strong></span> 
     </span>
    </p>
   </div>
   <div class='ocr_carea' id='block_1_4' title="bbox 182 1640 1319 3716">
    <p class='ocr_par' dir='ltr' id='par_1_4' title="bbox 182 1640 1319 3366">
     <span class='ocr_line' id='line_1_10' title="bbox 183 1640 1258 1736; baseline -0.006 -18"><span class='ocrx_word' id='word_1_51' title='bbox 183 1648 300 1735; x_wconf 86' lang='lat' dir='ltr'><strong>Quum</strong></span> <span class='ocrx_word' id='word_1_52' title='bbox 318 1645 426 1736; x_wconf 82' lang='lat' dir='ltr'><strong>igitur</strong></span> <span class='ocrx_word' id='word_1_53' title='bbox 442 1646 489 1715; x_wconf 96' lang='lat' dir='ltr'><strong>illi</strong></span> <span class='ocrx_word' id='word_1_54' title='bbox 506 1646 607 1728; x_wconf 88' lang='lat' dir='ltr'><strong>servi,</strong></span> <span class='ocrx_word' id='word_1_55' title='bbox 626 1651 660 1716; x_wconf 92' lang='lat' dir='ltr'><strong>et</strong></span> <span class='ocrx_word' id='word_1_56' title='bbox 678 1652 812 1735; x_wconf 90' lang='lat' dir='ltr'><strong>patres,</strong></span> <span class='ocrx_word' id='word_1_57' title='bbox 833 1652 868 1715; x_wconf 90' lang='lat' dir='ltr'><strong>et</strong></span> <span class='ocrx_word' id='word_1_58' title='bbox 888 1645 1043 1727; x_wconf 92' lang='lat' dir='ltr'><strong>lenones,</strong></span> <span class='ocrx_word' id='word_1_59' title='bbox 1064 1649 1099 1714; x_wconf 89' lang='lat' dir='ltr'><strong>et</strong></span> <span class='ocrx_word' id='word_1_60' title='bbox 1112 1640 1258 1733; x_wconf 81' lang='lat' dir='ltr'><strong>parasiti</strong></span> 
     </span>
     <span class='ocr_line' id='line_1_11' title="bbox 184 1757 1256 1851; baseline -0.007 -18"><span class='ocrx_word' id='word_1_61' title='bbox 184 1766 324 1833; x_wconf 82' lang='lat' dir='ltr'><strong>alloma</strong></span> <span class='ocrx_word' id='word_1_62' title='bbox 345 1783 416 1833; x_wconf 90' lang='lat' dir='ltr'><strong>non</strong></span> <span class='ocrx_word' id='word_1_63' title='bbox 436 1764 608 1845; x_wconf 89' lang='lat' dir='ltr'><strong>abessent,</strong></span> <span class='ocrx_word' id='word_1_64' title='bbox 624 1782 753 1851; x_wconf 91' lang='lat' dir='ltr'><strong>eosque</strong></span> <span class='ocrx_word' id='word_1_65' title='bbox 764 1761 953 1832; x_wconf 87' lang='lat' dir='ltr'><strong>Menander</strong></span> <span class='ocrx_word' id='word_1_66' title='bbox 967 1761 1010 1829; x_wconf 89' lang='lat' dir='ltr'><strong>ad</strong></span> <span class='ocrx_word' id='word_1_67' title='bbox 1026 1757 1171 1850; x_wconf 82' lang='lat' dir='ltr'><strong>effigiem</strong></span> <span class='ocrx_word' id='word_1_68' title='bbox 1184 1757 1256 1829; x_wconf 86' lang='lat' dir='ltr'><strong>veri</strong></span> 
     </span>
     <span class='ocr_line' id='line_1_12' title="bbox 183 1857 1255 1969; baseline -0.004 -19"><span class='ocrx_word' id='word_1_69' title='bbox 183 1879 382 1950; x_wconf 91' lang='lat' dir='ltr'><strong>doctissime</strong></span> <span class='ocrx_word' id='word_1_70' title='bbox 411 1879 661 1969; x_wconf 83' lang='lat' dir='ltr'><strong>expressisset,</strong></span> <span class='ocrx_word' id='word_1_71' title='bbox 696 1878 784 1947; x_wconf 90' lang='lat' dir='ltr'><strong>nihil</strong></span> <span class='ocrx_word' id='word_1_72' title='bbox 813 1857 1021 1966; x_wconf 85' lang='lat' dir='ltr'><strong>prohibebat</strong></span> <span class='ocrx_word' id='word_1_73' title='bbox 1048 1874 1255 1964; x_wconf 87' lang='lat' dir='ltr'><strong>quominus,</strong></span> 
     </span>
     <span class='ocr_line' id='line_1_13' title="bbox 183 1992 1255 2084; baseline -0.003 -19"><span class='ocrx_word' id='word_1_74' title='bbox 183 1996 341 2083; x_wconf 86' lang='lat' dir='ltr'><strong>quamvis</strong></span> <span class='ocrx_word' id='word_1_75' title='bbox 374 1996 411 2065; x_wconf 93' lang='lat' dir='ltr'><strong>in</strong></span> <span class='ocrx_word' id='word_1_76' title='bbox 440 1996 571 2066; x_wconf 81' lang='lat' dir='ltr'><strong>Graecia</strong></span> <span class='ocrx_word' id='word_1_77' title='bbox 595 1995 667 2064; x_wconf 92' lang='lat' dir='ltr'><strong>nati</strong></span> <span class='ocrx_word' id='word_1_78' title='bbox 690 1995 895 2084; x_wconf 81' lang='lat' dir='ltr'><strong>educatique</strong></span> <span class='ocrx_word' id='word_1_79' title='bbox 923 2013 966 2064; x_wconf 88' lang='lat' dir='ltr'><strong>ex</strong></span> <span class='ocrx_word' id='word_1_80' title='bbox 989 1992 1255 2064; x_wconf 79' lang='lat' dir='ltr'><strong>Atheniensium</strong></span> 
     </span>
     <span class='ocr_line' id='line_1_14' title="bbox 184 2111 1259 2201; baseline 0.002 -23"><span class='ocrx_word' id='word_1_81' title='bbox 184 2111 374 2201; x_wconf 80' lang='lat' dir='ltr'><strong>migrarent</strong></span> <span class='ocrx_word' id='word_1_82' title='bbox 388 2111 534 2195; x_wconf 88' lang='lat' dir='ltr'><strong>theatro,</strong></span> <span class='ocrx_word' id='word_1_83' title='bbox 549 2112 586 2181; x_wconf 93' lang='lat' dir='ltr'><strong>in</strong></span> <span class='ocrx_word' id='word_1_84' title='bbox 605 2113 761 2181; x_wconf 83' lang='lat' dir='ltr'><strong>Romana</strong></span> <span class='ocrx_word' id='word_1_85' title='bbox 773 2117 889 2181; x_wconf 92' lang='lat' dir='ltr'><strong>tamen</strong></span> <span class='ocrx_word' id='word_1_86' title='bbox 907 2130 1010 2180; x_wconf 90' lang='lat' dir='ltr'><strong>scena</strong></span> <span class='ocrx_word' id='word_1_87' title='bbox 1025 2129 1259 2201; x_wconf 70' lang='lat' dir='ltr'><strong>agnosceren-</strong></span> 
     </span>
     <span class='ocr_line' id='line_1_15' title="bbox 184 2226 1259 2316; baseline 0.001 -22"><span class='ocrx_word' id='word_1_88' title='bbox 184 2231 241 2297; x_wconf 90' lang='lat' dir='ltr'><strong>tur</strong></span> <span class='ocrx_word' id='word_1_89' title='bbox 257 2234 298 2296; x_wconf 87' lang='lat' dir='ltr'><strong>et</strong></span> <span class='ocrx_word' id='word_1_90' title='bbox 320 2228 516 2316; x_wconf 88' lang='lat' dir='ltr'><strong>placerent;</strong></span> <span class='ocrx_word' id='word_1_91' title='bbox 545 2248 658 2316; x_wconf 93' lang='lat' dir='ltr'><strong>neque</strong></span> <span class='ocrx_word' id='word_1_92' title='bbox 688 2228 816 2298; x_wconf 92' lang='lat' dir='ltr'><strong>mirum</strong></span> <span class='ocrx_word' id='word_1_93' title='bbox 836 2233 889 2296; x_wconf 90' lang='lat' dir='ltr'><strong>est</strong></span> <span class='ocrx_word' id='word_1_94' title='bbox 905 2226 1105 2297; x_wconf 87' lang='lat' dir='ltr'><strong>Terentium</strong></span> <span class='ocrx_word' id='word_1_95' title='bbox 1132 2246 1152 2295; x_wconf 88' lang='lat' dir='ltr'><strong>a</strong></span> <span class='ocrx_word' id='word_1_96' title='bbox 1180 2245 1259 2295; x_wconf 93' lang='lat' dir='ltr'><strong>cor-</strong></span> 
     </span>
     <span class='ocr_line' id='line_1_16' title="bbox 184 2343 1257 2433; baseline 0 -23"><span class='ocrx_word' id='word_1_97' title='bbox 184 2343 388 2431; x_wconf 89' lang='lat' dir='ltr'><strong>rumpendis</strong></span> <span class='ocrx_word' id='word_1_98' title='bbox 401 2343 450 2414; x_wconf 92' lang='lat' dir='ltr'><strong>eis</strong></span> <span class='ocrx_word' id='word_1_99' title='bbox 465 2351 635 2433; x_wconf 91' lang='lat' dir='ltr'><strong>quantum</strong></span> <span class='ocrx_word' id='word_1_100' title='bbox 651 2344 804 2432; x_wconf 87' lang='lat' dir='ltr'><strong>potuerit</strong></span> <span class='ocrx_word' id='word_1_101' title='bbox 817 2343 1046 2424; x_wconf 88' lang='lat' dir='ltr'><strong>abstinuisse;</strong></span> <span class='ocrx_word' id='word_1_102' title='bbox 1063 2343 1135 2431; x_wconf 90' lang='lat' dir='ltr'><strong>qui,</strong></span> <span class='ocrx_word' id='word_1_103' title='bbox 1147 2361 1257 2431; x_wconf 92' lang='lat' dir='ltr'><strong>quum</strong></span> 
     </span>
     <span class='ocr_line' id='line_1_17' title="bbox 183 2458 1258 2549; baseline 0.002 -23"><span class='ocrx_word' id='word_1_104' title='bbox 183 2459 297 2527; x_wconf 92' lang='lat' dir='ltr'><strong>nullas</strong></span> <span class='ocrx_word' id='word_1_105' title='bbox 314 2460 491 2530; x_wconf 86' lang='lat' dir='ltr'><strong>induxerit</strong></span> <span class='ocrx_word' id='word_1_106' title='bbox 506 2480 684 2549; x_wconf 87' lang='lat' dir='ltr'><strong>personas,</strong></span> <span class='ocrx_word' id='word_1_107' title='bbox 702 2460 769 2528; x_wconf 92' lang='lat' dir='ltr'><strong>nisi</strong></span> <span class='ocrx_word' id='word_1_108' title='bbox 786 2461 828 2530; x_wconf 89' lang='lat' dir='ltr'><strong>ad</strong></span> <span class='ocrx_word' id='word_1_109' title='bbox 843 2460 1042 2529; x_wconf 88' lang='lat' dir='ltr'><strong>Graecorum</strong></span> <span class='ocrx_word' id='word_1_110' title='bbox 1057 2458 1258 2548; x_wconf 88' lang='lat' dir='ltr'><strong>disciplinas</strong></span> 
     </span>
     <span class='ocr_line' id='line_1_18' title="bbox 183 2576 1258 2667; baseline 0.005 -26"><span class='ocrx_word' id='word_1_111' title='bbox 183 2581 363 2663; x_wconf 89' lang='lat' dir='ltr'><strong>artemque</strong></span> <span class='ocrx_word' id='word_1_112' title='bbox 377 2577 532 2647; x_wconf 90' lang='lat' dir='ltr'><strong>studiose</strong></span> <span class='ocrx_word' id='word_1_113' title='bbox 544 2576 683 2660; x_wconf 86' lang='lat' dir='ltr'><strong>effictas,</strong></span> <span class='ocrx_word' id='word_1_114' title='bbox 700 2585 734 2648; x_wconf 92' lang='lat' dir='ltr'><strong>et</strong></span> <span class='ocrx_word' id='word_1_115' title='bbox 747 2596 864 2647; x_wconf 88' lang='lat' dir='ltr'><strong>secum</strong></span> <span class='ocrx_word' id='word_1_116' title='bbox 880 2583 1127 2667; x_wconf 80' lang='lat' dir='ltr'><strong>congruentes,</strong></span> <span class='ocrx_word' id='word_1_117' title='bbox 1143 2591 1258 2665; x_wconf 89' lang='lat' dir='ltr'><strong>neque</strong></span> 
     </span>
     <span class='ocr_line' id='line_1_19' title="bbox 183 2689 1258 2786; baseline 0.004 -27"><span class='ocrx_word' id='word_1_118' title='bbox 183 2692 389 2762; x_wconf 86' lang='lat' dir='ltr'><strong>excedentes</strong></span> <span class='ocrx_word' id='word_1_119' title='bbox 417 2695 559 2763; x_wconf 92' lang='lat' dir='ltr'><strong>modum</strong></span> <span class='ocrx_word' id='word_1_120' title='bbox 592 2689 688 2786; x_wconf 79' lang='lat' dir='ltr'><strong>(nam</strong></span> <span class='ocrx_word' id='word_1_121' title='bbox 713 2693 801 2763; x_wconf 91' lang='lat' dir='ltr'><strong>nihil</strong></span> <span class='ocrx_word' id='word_1_122' title='bbox 828 2714 926 2782; x_wconf 90' lang='lat' dir='ltr'><strong>aeque</strong></span> <span class='ocrx_word' id='word_1_123' title='bbox 955 2693 1138 2763; x_wconf 83' lang='lat' dir='ltr'><strong>Terentius</strong></span> <span class='ocrx_word' id='word_1_124' title='bbox 1162 2698 1258 2763; x_wconf 84' lang='lat' dir='ltr'><strong>cavet</strong></span> 
     </span>
     <span class='ocr_line' id='line_1_20' title="bbox 182 2806 1319 2905; baseline 0.007 -28"><span class='ocrx_word' id='word_1_125' title='bbox 182 2828 287 2897; x_wconf 88' lang='lat' dir='ltr'><strong>quam</strong></span> <span class='ocrx_word' id='word_1_126' title='bbox 302 2819 340 2877; x_wconf 83' lang='lat' dir='ltr'><strong>ot</strong></span> <span class='ocrx_word' id='word_1_127' title='bbox 354 2832 396 2878; x_wconf 83' lang='lat' dir='ltr'><strong>ee</strong></span> <span class='ocrx_word' id='word_1_128' title='bbox 411 2809 492 2900; x_wconf 84' lang='lat' dir='ltr'><strong>quid</strong></span> <span class='ocrx_word' id='word_1_129' title='bbox 508 2806 648 2905; x_wconf 61' lang='lat' dir='ltr'><strong>nimiu)</strong></span> <span class='ocrx_word' id='word_1_130' title='bbox 675 2832 694 2880; x_wconf 89' lang='lat' dir='ltr'><strong>a</strong></span> <span class='ocrx_word' id='word_1_131' title='bbox 709 2815 863 2882; x_wconf 88' lang='lat' dir='ltr'><strong>Varrone</strong></span> <span class='ocrx_word' id='word_1_132' title='bbox 877 2811 1039 2894; x_wconf 79' lang='lat' dir='ltr'><strong>laudatur</strong></span> <span class='ocrx_word' id='word_1_133' title='bbox 1057 2811 1150 2899; x_wconf 93' lang='lat' dir='ltr'><strong>quod</strong></span> <span class='ocrx_word' id='word_1_134' title='bbox 1163 2815 1259 2880; x_wconf 86' lang='lat' dir='ltr'><strong>&#39;cete-</strong></span> <span class='ocrx_word' id='word_1_135' title='bbox 1315 2880 1319 2885; x_wconf 21' lang='lat' dir='ltr'><strong>r</strong></span> 
     </span>
     <span class='ocr_line' id='line_1_21' title="bbox 183 2926 1264 3020; baseline 0.002 -23"><span class='ocrx_word' id='word_1_136' title='bbox 183 2927 231 2998; x_wconf 91' lang='lat' dir='ltr'><strong>ris</strong></span> <span class='ocrx_word' id='word_1_137' title='bbox 247 2928 352 2998; x_wconf 78' lang='lat' dir='ltr'><strong>etheri</strong></span> <span class='ocrx_word' id='word_1_138' title='bbox 366 2931 568 3020; x_wconf 82' lang='lat' dir='ltr'><strong>praestiterit</strong></span> <span class='ocrx_word' id='word_1_139' title='bbox 580 2926 605 3000; x_wconf 77' lang='lat'><strong>³.</strong></span> <span class='ocrx_word' id='word_1_140' title='bbox 623 2936 719 3001; x_wconf 89' lang='lat' dir='ltr'><strong>Hanc</strong></span> <span class='ocrx_word' id='word_1_141' title='bbox 730 2953 811 3002; x_wconf 88' lang='lat' dir='ltr'><strong>vero</strong></span> <span class='ocrx_word' id='word_1_142' title='bbox 825 2932 1026 3001; x_wconf 88' lang='lat' dir='ltr'><strong>Graecorum</strong></span> <span class='ocrx_word' id='word_1_143' title='bbox 1043 2930 1264 3001; x_wconf 89' lang='lat' dir='ltr'><strong>comicorum·</strong></span> 
     </span>
     <span class='ocr_line' id='line_1_22' title="bbox 182 3043 1258 3140; baseline 0.004 -31"><span class='ocrx_word' id='word_1_144' title='bbox 182 3043 321 3112; x_wconf 79' lang='lat' dir='ltr'><strong>athesim</strong></span> <span class='ocrx_word' id='word_1_145' title='bbox 347 3052 417 3114; x_wconf 88' lang='lat' dir='ltr'><strong>tam</strong></span> <span class='ocrx_word' id='word_1_146' title='bbox 438 3047 536 3116; x_wconf 86' lang='lat' dir='ltr'><strong>docte</strong></span> <span class='ocrx_word' id='word_1_147' title='bbox 563 3047 840 3140; x_wconf 84' lang='lat' dir='ltr'><strong>tamqueperite</strong></span> <span class='ocrx_word' id='word_1_148' title='bbox 863 3046 899 3114; x_wconf 92' lang='lat' dir='ltr'><strong>in</strong></span> <span class='ocrx_word' id='word_1_149' title='bbox 925 3045 1143 3115; x_wconf 87' lang='lat' dir='ltr'><strong>Terentianis</strong></span> <span class='ocrx_word' id='word_1_150' title='bbox 1169 3045 1258 3115; x_wconf 88' lang='lat' dir='ltr'><strong>rela-</strong></span> 
     </span>
     <span class='ocr_line' id='line_1_23' title="bbox 184 3160 1257 3252; baseline 0.004 -24"><span class='ocrx_word' id='word_1_151' title='bbox 184 3165 253 3228; x_wconf 90' lang='lat' dir='ltr'><strong>tam</strong></span> <span class='ocrx_word' id='word_1_152' title='bbox 274 3160 402 3232; x_wconf 83' lang='lat' dir='ltr'><strong>lahulis</strong></span> <span class='ocrx_word' id='word_1_153' title='bbox 417 3164 592 3252; x_wconf 91' lang='lat' dir='ltr'><strong>quomodo</strong></span> <span class='ocrx_word' id='word_1_154' title='bbox 615 3163 757 3233; x_wconf 88' lang='lat' dir='ltr'><strong>Plautus</strong></span> <span class='ocrx_word' id='word_1_155' title='bbox 773 3162 952 3246; x_wconf 90' lang='lat' dir='ltr'><strong>habuerit,</strong></span> <span class='ocrx_word' id='word_1_156' title='bbox 972 3182 1067 3232; x_wconf 91' lang='lat' dir='ltr'><strong>nunc</strong></span> <span class='ocrx_word' id='word_1_157' title='bbox 1085 3161 1188 3232; x_wconf 92' lang='lat' dir='ltr'><strong>nobis</strong></span> <span class='ocrx_word' id='word_1_158' title='bbox 1204 3167 1257 3232; x_wconf 87' lang='lat' dir='ltr'><strong>cst</strong></span> 
     </span>
     <span class='ocr_line' id='line_1_24' title="bbox 183 3276 443 3366; baseline 0.004 -22"><span class='ocrx_word' id='word_1_159' title='bbox 183 3276 443 3366; x_wconf 91' lang='lat' dir='ltr'><strong>inquirendum.</strong></span> 
     </span>
    </p>

    <p class='ocr_par' dir='ltr' id='par_1_5' title="bbox 183 3391 1261 3716">
     <span class='ocr_line' id='line_1_25' title="bbox 232 3391 1258 3485; baseline 0.001 -25"><span class='ocrx_word' id='word_1_160' title='bbox 232 3391 550 3464; x_wconf 78' lang='lat' dir='ltr'><strong>Animadvertimus</strong></span> <span class='ocrx_word' id='word_1_161' title='bbox 576 3396 730 3484; x_wconf 89' lang='lat' dir='ltr'><strong>primum</strong></span> <span class='ocrx_word' id='word_1_162' title='bbox 755 3396 958 3485; x_wconf 89' lang='lat' dir='ltr'><strong>pleramque</strong></span> <span class='ocrx_word' id='word_1_163' title='bbox 981 3392 1258 3485; x_wconf 80' lang='lat' dir='ltr'><strong>fragmentorum</strong></span> 
     </span>
     <span class='ocr_line' id='line_1_26' title="bbox 183 3508 1261 3599; baseline 0 -22"><span class='ocrx_word' id='word_1_164' title='bbox 183 3514 317 3596; x_wconf 88' lang='lat' dir='ltr'><strong>partem</strong></span> <span class='ocrx_word' id='word_1_165' title='bbox 334 3528 412 3597; x_wconf 90' lang='lat' dir='ltr'><strong>quae</strong></span> <span class='ocrx_word' id='word_1_166' title='bbox 428 3529 469 3578; x_wconf 86' lang='lat' dir='ltr'><strong>ex</strong></span> <span class='ocrx_word' id='word_1_167' title='bbox 483 3512 690 3593; x_wconf 87' lang='lat' dir='ltr'><strong>Menandro,</strong></span> <span class='ocrx_word' id='word_1_168' title='bbox 712 3511 913 3582; x_wconf 91' lang='lat' dir='ltr'><strong>Philemone</strong></span> <span class='ocrx_word' id='word_1_169' title='bbox 929 3516 964 3580; x_wconf 90' lang='lat' dir='ltr'><strong>et</strong></span> <span class='ocrx_word' id='word_1_170' title='bbox 978 3508 1116 3599; x_wconf 89' lang='lat' dir='ltr'><strong>Diphilo</strong></span> <span class='ocrx_word' id='word_1_171' title='bbox 1135 3526 1261 3596; x_wconf 92' lang='lat' dir='ltr'><strong>super-</strong></span> 
     </span>
     <span class='ocr_line' id='line_1_27' title="bbox 184 3624 1260 3716; baseline 0 -23"><span class='ocrx_word' id='word_1_172' title='bbox 184 3630 285 3706; x_wconf 91' lang='lat' dir='ltr'><strong>sunt,</strong></span> <span class='ocrx_word' id='word_1_173' title='bbox 313 3624 355 3693; x_wconf 88' lang='lat' dir='ltr'><strong>ad</strong></span> <span class='ocrx_word' id='word_1_174' title='bbox 375 3645 489 3694; x_wconf 92' lang='lat' dir='ltr'><strong>mores</strong></span> <span class='ocrx_word' id='word_1_175' title='bbox 518 3634 686 3716; x_wconf 89' lang='lat' dir='ltr'><strong>spectare,</strong></span> <span class='ocrx_word' id='word_1_176' title='bbox 712 3628 820 3699; x_wconf 90' lang='lat' dir='ltr'><strong>etita</strong></span> <span class='ocrx_word' id='word_1_177' title='bbox 846 3647 921 3698; x_wconf 90' lang='lat' dir='ltr'><strong>esse</strong></span> <span class='ocrx_word' id='word_1_178' title='bbox 943 3631 1199 3716; x_wconf 87' lang='lat' dir='ltr'><strong>praeceptorum</strong></span> <span class='ocrx_word' id='word_1_179' title='bbox 1225 3627 1260 3694; x_wconf 89' lang='lat' dir='ltr'><strong>et</strong></span> 
     </span>
    </p>
   </div>
   <div class='ocr_carea' id='block_1_5' title="bbox 76 3739 1259 3834">
    <p class='ocr_par' dir='ltr' id='par_1_6' title="bbox 76 3739 1259 3834">
     <span class='ocr_line' id='line_1_28' title="bbox 76 3739 1259 3834; baseline 0.002 -26"><span class='ocrx_word' id='word_1_180' title='bbox 76 3822 79 3830; x_wconf 24' lang='grc' dir='ltr'>Ι</span> <span class='ocrx_word' id='word_1_181' title='bbox 185 3740 473 3811; x_wconf 91' lang='lat' dir='ltr'><strong>documentorum</strong></span> <span class='ocrx_word' id='word_1_182' title='bbox 493 3741 670 3825; x_wconf 88' lang='lat' dir='ltr'><strong>refertam,</strong></span> <span class='ocrx_word' id='word_1_183' title='bbox 688 3751 728 3814; x_wconf 93' lang='lat' dir='ltr'><strong>ut</strong></span> <span class='ocrx_word' id='word_1_184' title='bbox 744 3744 974 3834; x_wconf 88' lang='lat' dir='ltr'><strong>philosophiae</strong></span> <span class='ocrx_word' id='word_1_185' title='bbox 1001 3743 1122 3813; x_wconf 93' lang='lat' dir='ltr'><strong>ludum</strong></span> <span class='ocrx_word' id='word_1_186' title='bbox 1148 3739 1259 3832; x_wconf 81' lang='lat' dir='ltr'><strong>magis</strong></span> 
     </span>
    </p>
   </div>
   <div class='ocr_carea' id='block_1_6' title="bbox 184 3856 1258 3948">
    <p class='ocr_par' dir='ltr' id='par_1_7' title="bbox 184 3856 1258 3948">
     <span class='ocr_line' id='line_1_29' title="bbox 184 3856 1258 3948; baseline 0.002 -22"><span class='ocrx_word' id='word_1_187' title='bbox 184 3876 289 3945; x_wconf 91' lang='lat' dir='ltr'><strong>quam</strong></span> <span class='ocrx_word' id='word_1_188' title='bbox 313 3856 480 3926; x_wconf 88' lang='lat' dir='ltr'><strong>comicam</strong></span> <span class='ocrx_word' id='word_1_189' title='bbox 507 3877 645 3928; x_wconf 89' lang='lat' dir='ltr'><strong>scenam</strong></span> <span class='ocrx_word' id='word_1_190' title='bbox 673 3859 872 3948; x_wconf 90' lang='lat' dir='ltr'><strong>resipiant:</strong></span> <span class='ocrx_word' id='word_1_191' title='bbox 899 3860 935 3927; x_wconf 90' lang='lat' dir='ltr'><strong>in</strong></span> <span class='ocrx_word' id='word_1_192' title='bbox 955 3857 1125 3936; x_wconf 88' lang='lat' dir='ltr'><strong>Plautinis</strong></span> <span class='ocrx_word' id='word_1_193' title='bbox 1142 3862 1258 3928; x_wconf 89' lang='lat' dir='ltr'><strong>autem</strong></span> 
     </span>
    </p>
   </div>
   <div class='ocr_carea' id='block_1_7' title="bbox 182 4080 1258 4255">
    <p class='ocr_par' dir='ltr' id='par_1_8' title="bbox 182 4080 1258 4255">
     <span class='ocr_line' id='line_1_30' title="bbox 220 4080 1258 4167; baseline 0.011 -15"><span class='ocrx_word' id='word_1_194' title='bbox 220 4100 229 4134; x_wconf 86' lang='lat'>¹</span> <span class='ocrx_word' id='word_1_195' title='bbox 244 4099 321 4154; x_wconf 81' lang='lat' dir='ltr'><strong>ovio.</strong></span> <span class='ocrx_word' id='word_1_196' title='bbox 334 4102 434 4164; x_wconf 72' lang='lat' dir='ltr'><strong>Amor„</strong></span> <span class='ocrx_word' id='word_1_197' title='bbox 448 4102 468 4166; x_wconf 86' lang='lat' dir='ltr'><strong>r,</strong></span> <span class='ocrx_word' id='word_1_198' title='bbox 483 4103 527 4165; x_wconf 84' lang='lat' dir='ltr'><strong>ra,</strong></span> <span class='ocrx_word' id='word_1_199' title='bbox 542 4104 584 4156; x_wconf 85' lang='lat' dir='ltr'><strong>rr.</strong></span> <span class='ocrx_word' id='word_1_200' title='bbox 595 4102 653 4143; x_wconf 86' lang='lat'><strong>-¹</strong></span> <span class='ocrx_word' id='word_1_201' title='bbox 670 4080 775 4156; x_wconf 71' lang='lat' dir='ltr'><strong>aaran.</strong></span> <span class='ocrx_word' id='word_1_202' title='bbox 794 4083 890 4166; x_wconf 71' lang='lat' dir='ltr'><strong>ruer„</strong></span> <span class='ocrx_word' id='word_1_203' title='bbox 911 4104 932 4167; x_wconf 84' lang='lat'><strong>1,</strong></span> <span class='ocrx_word' id='word_1_204' title='bbox 954 4105 980 4167; x_wconf 82' lang='lat' dir='ltr'><strong>r,</strong></span> <span class='ocrx_word' id='word_1_205' title='bbox 999 4103 1044 4160; x_wconf 76' lang='lat' dir='ltr'><strong>aa.</strong></span> <span class='ocrx_word' id='word_1_206' title='bbox 1058 4127 1093 4141; x_wconf 90' lang='lat'>-</span> <span class='ocrx_word' id='word_1_207' title='bbox 1109 4099 1120 4136; x_wconf 82' lang='lat'><strong>⁸</strong></span> <span class='ocrx_word' id='word_1_208' title='bbox 1134 4102 1201 4152; x_wconf 77' lang='lat' dir='ltr'><strong>uon.</strong></span> <span class='ocrx_word' id='word_1_209' title='bbox 1214 4099 1258 4163; x_wconf 58' lang='lat' dir='ltr'><strong>Vs</strong></span> 
     </span>
     <span class='ocr_line' id='line_1_31' title="bbox 182 4201 300 4255; baseline -0.008 -14"><span class='ocrx_word' id='word_1_210' title='bbox 182 4201 300 4255; x_wconf 82' lang='lat' dir='ltr'><strong>poscere.</strong></span> 
     </span>
    </p>
   </div>
   <div class='ocr_carea' id='block_1_8' title="bbox 0 0 1504 5220">
    <p class='ocr_par' dir='ltr' id='par_1_9' title="bbox 0 0 1504 5220">
     <span class='ocr_line' id='line_1_32' title="bbox 0 0 1504 5220; baseline 0 0"><span class='ocrx_word' id='word_1_211' title='bbox 0 0 1504 5220; x_wconf 95' lang='lat' dir='ltr'><strong> </strong></span> 
     </span>
    </p>
   </div>
  </div>
 </body>
</html>
