3000 5220
649 379 844 450 -tt-
916 367 926 376 ’

209 543 320 625 sione,
343 542 443 614 tactis
463 545 565 614 etiam
582 543 802 636 significabit.
824 545 985 616 Mulieres
1001 568 1020 615 a
1037 548 1162 619 lenone
1178 549 1285 638 impe·

210 657 292 729 titas
313 662 348 728 et
375 658 470 728 omui
490 659 673 730 destitutas
700 658 829 729 auxilio
857 665 998 729 strenue
1021 657 1191 743 defendit,
1219 681 1283 730 nec

210 772 349 844 dubitat
375 793 412 843 se
440 775 476 844 in
503 775 607 852 tricas
630 775 810 865 impedire,
840 781 880 846 ut
906 775 1035 866 ignotis
1056 795 1158 864 opem
1183 776 1280 848 ferat.

210 890 367 978 Denique
384 890 519 961 Atticus
545 891 601 961 ille
625 891 890 979 Socraticusque
907 911 1013 962 senex
1030 892 1174 962 omnino
1193 900 1283 963 esset

143 1046 145 1050 .
195 994 335 1080 ‘ceteris
362 1007 399 1076 in
427 1006 623 1096 exemplum
641 1007 844 1095 ponendus,
866 1006 934 1076 uisi
957 1007 1001 1077 ad
1022 1007 1186 1078 mulieres
1207 1009 1283 1077 illas

209 1122 354 1211 propius
367 1123 563 1213 respiceret,
572 1123 750 1214 quaeiorte
761 1143 831 1194 uon
849 1124 1043 1226 invenustae
1054 1129 1147 1206 sunt,
1162 1131 1279 1213 atquc,

210 1239 419 1309 exsuscitata
443 1241 596 1309 Romana
619 1239 753 1326 indole,
777 1242 820 1311 ad
840 1240 1145 1313 deteriorasubito
1165 1241 1283 1311 devol·
1388 1269 1390 1272 ’

209 1360 358 1429 veretur.
383 1354 555 1427 Audimus
575 1355 669 1426 euim
689 1356 756 1426 sibi
780 1357 1012 1448 gratulantem
1029 1350 1125 1447 quod
1140 1355 1283 1427 clientas

209 1467 380 1543 invenerit
396 1493 404 1541 ε

349 1687 439 1761 Atque
452 1682 548 1746 ambas
560 1683 652 1746 lomus
664 1683 764 1746 scitule
778 1689 862 1768 otrpro
876 1684 999 1760 statuta,

210 1906 255 1987 et,
273 1921 319 1976 ue
335 1902 538 1999 ignoremus
558 1901 644 1994 quid
663 1901 729 1973 sibi
746 1901 804 1973 illa
821 1901 940 1987 velint,
957 1901 1098 1997 adjicit:

350 2114 404 2173 Sed
418 2130 489 2175 uxor
498 2113 615 2175 scelests
628 2131 673 2175 me
688 2115 818 2176 omnihus
833 2121 926 2176 serrat
940 2108 1045 2190 modis,

349 2206 389 2262 Me
398 2203 447 2280 qui
460 2202 613 2280 significem
626 2204 771 2280 quidpiam
785 2204 981 2266 mulierculist

208 2423 431 2496 Manifestum
450 2424 519 2511 hic,
538 2426 606 2497 nisi
623 2425 745 2512 fallor,
769 2426 1097 2517 deprehensamque
1123 2426 1285 2496 Plautum

209 2537 397 2622 habemus,
416 2562 525 2630 quum
543 2563 580 2612 se
602 2553 645 2612 ex
664 2545 845 2613 Menandri
866 2545 1151 2633 comicorumque
1169 2542 1285 2633 philo·

209 2653 333 2742 sophia
358 2655 520 2744 protinus
549 2657 699 2746 expedit,
727 2659 953 2747 Graecamquc
984 2659 1191 2747 sapientiam
1213 2661 1286 2728 Ro·

210 2789 313 2840 mana
328 2772 521 2843 rusticitate
534 2773 686 2844 refricat.

257 2889 431 2958 Juvenum
452 2896 568 2960 autem
592 2909 729 2960 amores
741 2890 885 2961 Plautus
902 2889 990 2960 mira
1004 2889 1155 2980 quadarn
1173 2890 1284 2982 gratia

209 3022 274 3074 nec
291 3004 402 3074 solitis
420 3005 599 3095 leporibus
617 3006 746 3098 gaudet
761 3004 1053 3078 circumfundere.
1077 3004 1132 3075 Mil
1155 3005 1286 3095 jucun—

209 3121 289 3192 dius
306 3141 473 3210 unquam,
498 3122 547 3191 nil
555 3107 722 3207 'tenerius
739 3123 957 3214 excogitavit,
974 3122 1023 3191 nil
1043 3120 1101 3191 ubi
1125 3120 1285 3190 Graecum

209 3235 390 3327 ingenium
405 3237 515 3326 magis
525 3240 697 3310 contineri
713 3246 748 3310 et
758 3240 892 3327 spirare
907 3238 1075 3306 videatur.
1087 3234 1177 3304 tuni
1191 3235 1285 3305 enim

210 3369 316 3441 quarn
330 3350 454 3439 lepide,
467 3371 571 3440 quarn
587 3353 721 3442 poetice
736 3362 893 3424 amantes
907 3350 967 3434 illi,
982 3369 1101 3421 amore
1116 3357 1283 3434 amentes,

167 3509 169 3512 >
210 3469 254 3539 ad
266 3467 411 3560 januam
429 3467 554 3559 puellae
569 3469 719 3540 nimium
739 3468 909 3538 morantis
926 3474 1145 3558 querantur:

281 3687 397 3762 Pessuli,
411 3688 492 3761 heus,
506 3685 623 3764 pessuli,
633 3702 682 3746 vos
697 3685 789 3746 saluto
804 3685 914 3760 lubens,

281 3781 337 3836 vos
349 3793 424 3843 arno,
437 3792 485 3836 vos
494 3775 570 3848 uolo,
579 3792 628 3836 vos
641 3780 706 3850 peto
719 3780 802 3851 atque
816 3775 964 3835 obsecro...

282 3864 423 3939 Subsilite,
433 3864 560 3938 obsecro,
569 3871 598 3924 et
609 3865 711 3924 mittite
725 3864 910 3943 tetensteten,

282 3952 349 4020 Quo
363 3949 431 4009 milri
446 3949 548 4011 misero
561 3949 666 4009 amanti
679 3948 766 4009 ebibit
775 3947 939 4024 sanguinem
948 3952 969 4004 ¹.

249 4169 257 4203 ¹
272 4169 354 4234 neu,
368 4169 409 4232 iv,
425 4172 451 4231 r,
466 4173 492 4223 s.
507 4167 697 4235 -¹onrcuz.,
711 4170 732 4223 1.
749 4170 775 4239 a,
790 4170 834 4223 oo.
