3000 5220
1056 285 1183 388 ἃ..

645 406 841 478 ...54-

209 580 327 668 Neque
343 597 384 648 ea
402 576 678 646 Atheniensibus
695 576 903 664 displicuere
925 578 1029 668 longo
1050 576 1283 668 philosophiae

209 716 277 767 usu
301 696 344 763 ad
371 693 575 764 sublimiora
594 693 731 777 erectis,
747 699 786 764 et
805 694 865 782 qui
883 713 920 762 se
938 695 980 763 ad
998 694 1132 764 theatra
1153 693 1284 784 saepius

211 833 254 883 ex
272 810 372 904 Lycei
390 808 605 881 umbraculis
628 807 837 879 conferrent.
865 809 1024 879 Plautum
1041 831 1122 880 vero
1139 812 1284 902 eiusque

214 926 407 1016 coaequales
424 924 519 995 nulla
534 923 781 995 informaverat
794 924 1024 1015 philosophia,
1045 945 1108 995 nec
1126 947 1162 996 se
1182 928 1225 997 cd
1245 946 1286 998 ea

213 1042 464 1134 pernoscenda,
491 1061 570 1131 quae
594 1042 686 1130 apud
710 1061 830 1111 omnes
850 1041 1010 1112 homines
1029 1043 1160 1131 ubique
1186 1062 1288 1133 repe-
1355 1067 1361 1073 ·

212 1161 371 1241 ciuntur,
402 1157 600 1247 quibusque
626 1158 780 1229 bumana
812 1164 948 1229 constat
977 1164 1121 1242 natura,
1153 1159 1286 1249 erigere

211 1274 415 1347 didicerant.
443 1273 541 1343 Circa
562 1277 699 1343 aetatem
726 1293 825 1343 suam
850 1275 1009 1362 occupati
1037 1274 1282 1364 implicitique,

210 1392 306 1462 nulla
328 1390 397 1459 nisi
423 1388 621 1460 vicinorum
647 1389 808 1475 ridebant
836 1388 937 1471 vitia,
968 1409 1033 1460 nec
1062 1394 1225 1480 periuros
1249 1397 1286 1463 et

211 1509 410 1589 mendaces,
429 1507 591 1575 lurcones
608 1510 642 1581 et
660 1504 866 1575 libidinosos
892 1505 1128 1596 agnovissent,
1149 1504 1216 1575 nisi
1241 1526 1286 1577 ex

211 1622 387 1693 Cluacinae
403 1639 512 1702 sacro,
533 1624 593 1690 aut
611 1619 767 1702 Basilica,
784 1626 846 1690 aut
866 1619 942 1688 foro
961 1620 1110 1709 piscario
1123 1619 1293 1692 -srdeliter,

211 1740 247 1808 in
281 1755 422 1817 scenam
454 1736 721 1807 traducerentur
738 1733 763 1805 ².
793 1734 932 1820 Quibus
960 1755 1072 1824 quum
1101 1734 1286 1809 inserviret

209 1853 321 1945 plebis
335 1852 575 1924 voluntatibus
592 1845 746 1944 (necnon
765 1859 800 1922 et
816 1871 891 1923 suae
910 1852 1021 1941 ipsius
1038 1857 1184 1933 naturas,
1204 1870 1286 1938 quae

212 1990 292 2042 cum
322 1969 434 2058 plebis
458 1968 575 2038 indole
600 1969 687 2039 mire
717 1964 956 2061 congruebat)
976 1988 1097 2039 ornnes
1120 1989 1140 2038 e
1166 1968 1285 2045 Graeca

212 2083 383 2155 comoedia
412 2102 580 2170 personas
607 2084 650 2153 ad
675 2084 843 2172 temporis
870 2084 925 2154 sui
953 2104 1067 2156 mores
1095 2085 1283 2172 depressit,

212 2198 363 2288 fecitque
388 2209 429 2270 ut
451 2201 607 2268 Romana
625 2200 774 2286 quadam
791 2208 874 2269 nota
890 2200 1114 2289 signarentur
1129 2201 1189 2289 qui
1205 2201 1286 2273 nul-

212 2316 403 2400 lomaniae
426 2314 498 2386 lere
521 2314 670 2404 patriam
690 2334 763 2404 prae
777 2333 814 2384 se
833 2314 995 2385 tulerant.
1022 2315 1077 2385 Sic
1101 2317 1287 2388 unanimes
1365 2376 1368 2382 .

214 2433 280 2502 sibi
295 2433 440 2521 plausus
456 2432 662 2516 conciliavit,
681 2430 732 2502 sic
742 2431 858 2502 studia
869 2430 989 2520 populi
1001 2431 1038 2501 in
1051 2450 1088 2502 se
1104 2432 1285 2514 convertit,

214 2547 281 2634 qui
292 2549 387 2617 nulla
401 2538 593 2638 'benignius
612 2548 770 2636 excipere
785 2549 931 2632 solebat,
950 2567 1056 2635 quem
1073 2567 1153 2636 quae
1168 2546 1289 2642 effictos

215 2680 321 2728 mores
342 2680 420 2730 scos
438 2661 477 2730 ic
499 2660 624 2730 olienis
643 2661 810 2751 personis,
828 2682 1086 2751 cocprcsroche
1104 2662 1289 2751 imaginem

216 2794 284 2844 son
300 2776 377 2845 citra
394 2774 603 2867 quotidianos
618 2775 788 2848 referrent
802 2773 828 2844 ².

268 3616 334 3686 Sed
347 3634 426 3705 quae
443 3617 579 3706 plebem
601 3616 796 3706 imperitam
813 3616 860 3685 ita
876 3616 1195 3698 oblectaverant,ea
1210 3634 1290 3685 mox

219 3731 374 3803 eruditos
404 3732 586 3816 offendere,
615 3739 649 3802 et
676 3732 892 3821 sapientibus
922 3732 1137 3819 urbanisque
1166 3743 1289 3820 parum

219 3853 316 3938 grata
329 3848 438 3919 videri
455 3853 647 3938 coeperunt.
662 3849 712 3917 llli
726 3849 818 3919 enim
837 3848 991 3937 quotidie
1006 3869 1042 3917 se
1057 3847 1181 3917 litteris
1194 3848 1291 3916 Graa-

220 3963 268 4032 ois
288 3963 443 4034 sedulius
460 3965 698 4054 applicabant,
717 3984 782 4034 neo
806 3970 967 4054 poterant
991 3984 1071 4035 cum
1099 3965 1290 4034 Menandro

259 4198 267 4231 ¹
284 4195 407 4265 Ocrccl„
421 4200 462 4263 lv,
480 4203 506 4280 l,
524 4202 555 4252 10
569 4207 596 4252 et
611 4213 651 4265 sq.
663 4199 721 4240 -¹
736 4199 1114 4266 Cic-,probosc.satcr.,16.
1176 4258 1180 4266 ‚
