<?xml version="1.0" encoding="UTF-8"?>
<!DOCTYPE html PUBLIC "-//W3C//DTD XHTML 1.0 Transitional//EN"
    "http://www.w3.org/TR/xhtml1/DTD/xhtml1-transitional.dtd">
<html xmlns="http://www.w3.org/1999/xhtml" xml:lang="en" lang="en">
 <head>
  <title>
</title>
<meta http-equiv="Content-Type" content="text/html;charset=utf-8" />
  <meta name='ocr-system' content='tesseract 3.04.00' />
  <meta name='ocr-capabilities' content='ocr_page ocr_carea ocr_par ocr_line ocrx_word'/>
</head>
<body>
  <div class='ocr_page' id='page_1' title='image "./quomodograecosp00boisgoog_0045.png"; bbox 0 0 3000 5220; ppageno 0'>
   <div class='ocr_carea' id='block_1_1' title="bbox 737 434 948 538">
    <p class='ocr_par' dir='ltr' id='par_1_1' title="bbox 737 434 948 538">
     <span class='ocr_line' id='line_1_1' title="bbox 737 434 948 538; baseline 0 -33"><span class='ocrx_word' id='word_1_1' title='bbox 737 434 948 538; x_wconf 51' lang='lat'>-347</span> 
     </span>
    </p>
   </div>
   <div class='ocr_carea' id='block_1_2' title="bbox 263 599 1385 3480">
    <p class='ocr_par' dir='ltr' id='par_1_2' title="bbox 263 599 1385 2782">
     <span class='ocr_line' id='line_1_2' title="bbox 297 599 1371 694; baseline 0.003 -23"><span class='ocrx_word' id='word_1_2' title='bbox 297 600 496 671; x_wconf 88' lang='lat' dir='ltr'>aRomanis</span> <span class='ocrx_word' id='word_1_3' title='bbox 508 599 665 678; x_wconf 90' lang='lat' dir='ltr'>moribus</span> <span class='ocrx_word' id='word_1_4' title='bbox 676 599 820 669; x_wconf 91' lang='lat' dir='ltr'>omnino</span> <span class='ocrx_word' id='word_1_5' title='bbox 833 600 1053 671; x_wconf 88' lang='lat' dir='ltr'>abhorrebat.</span> <span class='ocrx_word' id='word_1_6' title='bbox 1064 603 1190 673; x_wconf 89' lang='lat' dir='ltr'>Milites</span> <span class='ocrx_word' id='word_1_7' title='bbox 1202 602 1371 694; x_wconf 86' lang='lat' dir='ltr'>gloriosos</span> 
     </span>
     <span class='ocr_line' id='line_1_3' title="bbox 296 717 1371 806; baseline 0.005 -20"><span class='ocrx_word' id='word_1_8' title='bbox 296 737 341 787; x_wconf 93' lang='lat' dir='ltr'>ne</span> <span class='ocrx_word' id='word_1_9' title='bbox 361 717 494 788; x_wconf 85' lang='lat' dir='ltr'>Graecia</span> <span class='ocrx_word' id='word_1_10' title='bbox 520 717 660 806; x_wconf 91' lang='lat' dir='ltr'>quidem</span> <span class='ocrx_word' id='word_1_11' title='bbox 688 717 783 785; x_wconf 93' lang='lat' dir='ltr'>omui</span> <span class='ocrx_word' id='word_1_12' title='bbox 810 724 967 806; x_wconf 92' lang='lat' dir='ltr'>tempore</span> <span class='ocrx_word' id='word_1_13' title='bbox 989 727 1151 801; x_wconf 91' lang='lat' dir='ltr'>noverat;</span> <span class='ocrx_word' id='word_1_14' title='bbox 1181 719 1312 789; x_wconf 75' lang='lat' dir='ltr'><strong>cristati</strong></span> <span class='ocrx_word' id='word_1_15' title='bbox 1337 726 1371 791; x_wconf 90' lang='lat' dir='ltr'>et</span> 
     </span>
     <span class='ocr_line' id='line_1_4' title="bbox 296 832 1370 924; baseline 0.006 -22"><span class='ocrx_word' id='word_1_16' title='bbox 296 833 442 924; x_wconf 82' lang='lat' dir='ltr'>clypeati</span> <span class='ocrx_word' id='word_1_17' title='bbox 462 835 579 916; x_wconf 88' lang='lat' dir='ltr'>duces,</span> <span class='ocrx_word' id='word_1_18' title='bbox 601 853 689 922; x_wconf 90' lang='lat' dir='ltr'>quos</span> <span class='ocrx_word' id='word_1_19' title='bbox 711 832 962 921; x_wconf 80' lang='lat' dir='ltr'><strong>Aristophanes</strong></span> <span class='ocrx_word' id='word_1_20' title='bbox 987 855 1164 905; x_wconf 91' lang='lat' dir='ltr'>armorum</span> <span class='ocrx_word' id='word_1_21' title='bbox 1185 837 1370 924; x_wconf 84' lang='lat' dir='ltr'>splendore</span> 
     </span>
     <span class='ocr_line' id='line_1_5' title="bbox 296 948 1385 1043; baseline 0.004 -23"><span class='ocrx_word' id='word_1_22' title='bbox 296 951 409 1021; x_wconf 87' lang='lat' dir='ltr'>solum</span> <span class='ocrx_word' id='word_1_23' title='bbox 435 960 470 1021; x_wconf 90' lang='lat' dir='ltr'>et</span> <span class='ocrx_word' id='word_1_24' title='bbox 501 952 595 1022; x_wconf 92' lang='lat' dir='ltr'>vocis</span> <span class='ocrx_word' id='word_1_25' title='bbox 625 951 762 1041; x_wconf 81' lang='lat' dir='ltr'><strong>mugitu</strong></span> <span class='ocrx_word' id='word_1_26' title='bbox 791 952 960 1021; x_wconf 88' lang='lat' dir='ltr'>terrificos</span> <span class='ocrx_word' id='word_1_27' title='bbox 986 948 1139 1035; x_wconf 86' lang='lat' dir='ltr'><strong>inducit,</strong></span> <span class='ocrx_word' id='word_1_28' title='bbox 1166 974 1228 1042; x_wconf 92' lang='lat' dir='ltr'>pro</span> <span class='ocrx_word' id='word_1_29' title='bbox 1257 954 1385 1043; x_wconf 88' lang='lat' dir='ltr'>patria</span> 
     </span>
     <span class='ocr_line' id='line_1_6' title="bbox 296 1065 1371 1158; baseline 0.003 -22"><span class='ocrx_word' id='word_1_30' title='bbox 296 1073 413 1136; x_wconf 91' lang='lat' dir='ltr'>tamen</span> <span class='ocrx_word' id='word_1_31' title='bbox 431 1087 495 1137; x_wconf 90' lang='lat' dir='ltr'>sua</span> <span class='ocrx_word' id='word_1_32' title='bbox 511 1069 734 1158; x_wconf 81' lang='lat' dir='ltr'>pugnabant3</span> <span class='ocrx_word' id='word_1_33' title='bbox 756 1065 803 1134; x_wconf 94' lang='lat' dir='ltr'>illi</span> <span class='ocrx_word' id='word_1_34' title='bbox 831 1076 946 1136; x_wconf 91' lang='lat' dir='ltr'>autem</span> <span class='ocrx_word' id='word_1_35' title='bbox 973 1067 1101 1156; x_wconf 92' lang='lat' dir='ltr'>quibus</span> <span class='ocrx_word' id='word_1_36' title='bbox 1127 1069 1317 1139; x_wconf 76' lang='lat' dir='ltr'>Menander</span> <span class='ocrx_word' id='word_1_37' title='bbox 1336 1075 1371 1139; x_wconf 92' lang='lat' dir='ltr'>et</span> 
     </span>
     <span class='ocr_line' id='line_1_7' title="bbox 295 1182 1370 1268; baseline -0.001 -12"><span class='ocrx_word' id='word_1_38' title='bbox 295 1204 385 1256; x_wconf 87' lang='lat' dir='ltr'>nova</span> <span class='ocrx_word' id='word_1_39' title='bbox 414 1183 584 1253; x_wconf 92' lang='lat' dir='ltr'>comoedia</span> <span class='ocrx_word' id='word_1_40' title='bbox 621 1183 723 1253; x_wconf 90' lang='lat' dir='ltr'>toties</span> <span class='ocrx_word' id='word_1_41' title='bbox 752 1182 908 1266; x_wconf 81' lang='lat' dir='ltr'>illusere,</span> <span class='ocrx_word' id='word_1_42' title='bbox 942 1184 1145 1254; x_wconf 78' lang='lat' dir='ltr'>mercenarii</span> <span class='ocrx_word' id='word_1_43' title='bbox 1183 1194 1296 1268; x_wconf 89' lang='lat' dir='ltr'>erant,</span> <span class='ocrx_word' id='word_1_44' title='bbox 1328 1205 1370 1255; x_wconf 88' lang='lat' dir='ltr'>ex</span> 
     </span>
     <span class='ocr_line' id='line_1_8' title="bbox 263 1297 1368 1392; baseline 0.001 -22"><span class='ocrx_word' id='word_1_45' title='bbox 263 1297 265 1301; x_wconf 72' lang='grc'><em>’</em></span> <span class='ocrx_word' id='word_1_46' title='bbox 294 1299 402 1371; x_wconf 90' lang='lat' dir='ltr'>totius</span> <span class='ocrx_word' id='word_1_47' title='bbox 418 1299 560 1369; x_wconf 87' lang='lat' dir='ltr'>Graeciae</span> <span class='ocrx_word' id='word_1_48' title='bbox 577 1298 732 1389; x_wconf 81' lang='lat' dir='ltr'>profugis</span> <span class='ocrx_word' id='word_1_49' title='bbox 748 1299 900 1380; x_wconf 88' lang='lat' dir='ltr'>oonilati,</span> <span class='ocrx_word' id='word_1_50' title='bbox 916 1300 986 1387; x_wconf 89' lang='lat' dir='ltr'>qui,</span> <span class='ocrx_word' id='word_1_51' title='bbox 1004 1320 1041 1369; x_wconf 92' lang='lat' dir='ltr'>re</span> <span class='ocrx_word' id='word_1_52' title='bbox 1061 1300 1155 1369; x_wconf 95' lang='lat' dir='ltr'>domi</span> <span class='ocrx_word' id='word_1_53' title='bbox 1168 1301 1257 1370; x_wconf 90' lang='lat' dir='ltr'>male</span> <span class='ocrx_word' id='word_1_54' title='bbox 1272 1307 1368 1392; x_wconf 90' lang='lat' dir='ltr'>gesta</span> 
     </span>
     <span class='ocr_line' id='line_1_9' title="bbox 293 1415 1367 1504; baseline -0.002 -17"><span class='ocrx_word' id='word_1_55' title='bbox 293 1424 328 1487; x_wconf 93' lang='lat' dir='ltr'>et</span> <span class='ocrx_word' id='word_1_56' title='bbox 363 1417 466 1486; x_wconf 91' lang='lat' dir='ltr'>adeso</span> <span class='ocrx_word' id='word_1_57' title='bbox 499 1416 730 1504; x_wconf 89' lang='lat' dir='ltr'>patrimonio,</span> <span class='ocrx_word' id='word_1_58' title='bbox 762 1415 955 1498; x_wconf 88' lang='lat' dir='ltr'>sarcinam,</span> <span class='ocrx_word' id='word_1_59' title='bbox 984 1422 1024 1486; x_wconf 94' lang='lat' dir='ltr'>ut</span> <span class='ocrx_word' id='word_1_60' title='bbox 1053 1416 1112 1485; x_wconf 86' lang='lat' dir='ltr'>ait&#39;</span> <span class='ocrx_word' id='word_1_61' title='bbox 1130 1415 1299 1486; x_wconf 88' lang='lat' dir='ltr'>Stasimus</span> <span class='ocrx_word' id='word_1_62' title='bbox 1331 1416 1367 1485; x_wconf 90' lang='lat' dir='ltr'>in</span> 
     </span>
     <span class='ocr_line' id='line_1_10' title="bbox 294 1531 1369 1622; baseline 0.001 -22"><span class='ocrx_word' id='word_1_63' title='bbox 294 1531 467 1615; x_wconf 80' lang='lat' dir='ltr'>Trincmo,</span> <span class='ocrx_word' id='word_1_64' title='bbox 494 1532 790 1622; x_wconf 78' lang='lat' dir='ltr'>constringebant,</span> <span class='ocrx_word' id='word_1_65' title='bbox 812 1538 845 1601; x_wconf 94' lang='lat' dir='ltr'>et</span> <span class='ocrx_word' id='word_1_66' title='bbox 865 1532 1024 1622; x_wconf 89' lang='lat' dir='ltr'>clypeum</span> <span class='ocrx_word' id='word_1_67' title='bbox 1047 1533 1151 1602; x_wconf 89' lang='lat' dir='ltr'>dorso</span> <span class='ocrx_word' id='word_1_68' title='bbox 1171 1552 1369 1602; x_wconf 86' lang='lat' dir='ltr'>accommo-</span> 
     </span>
     <span class='ocr_line' id='line_1_11' title="bbox 292 1648 1368 1740; baseline -0.002 -21"><span class='ocrx_word' id='word_1_69' title='bbox 292 1649 440 1730; x_wconf 91' lang='lat' dir='ltr'>dabant,</span> <span class='ocrx_word' id='word_1_70' title='bbox 461 1668 497 1717; x_wconf 90' lang='lat' dir='ltr'>se</span> <span class='ocrx_word' id='word_1_71' title='bbox 515 1654 738 1732; x_wconf 86' lang='lat' dir='ltr'>externorum</span> <span class='ocrx_word' id='word_1_72' title='bbox 755 1648 856 1717; x_wconf 93' lang='lat' dir='ltr'>alicui</span> <span class='ocrx_word' id='word_1_73' title='bbox 873 1668 994 1739; x_wconf 88' lang='lat' dir='ltr'>regum</span> <span class='ocrx_word' id='word_1_74' title='bbox 1019 1650 1055 1717; x_wconf 93' lang='lat' dir='ltr'>in</span> <span class='ocrx_word' id='word_1_75' title='bbox 1081 1650 1237 1740; x_wconf 89' lang='lat' dir='ltr'>saginam</span> <span class='ocrx_word' id='word_1_76' title='bbox 1262 1650 1368 1718; x_wconf 92' lang='lat' dir='ltr'>collo-</span> 
     </span>
     <span class='ocr_line' id='line_1_12' title="bbox 291 1762 1368 1856; baseline 0.002 -22"><span class='ocrx_word' id='word_1_77' title='bbox 291 1766 402 1834; x_wconf 89' lang='lat' dir='ltr'>caturi</span> <span class='ocrx_word' id='word_1_78' title='bbox 417 1762 441 1833; x_wconf 87' lang='lat'>¹.</span> <span class='ocrx_word' id='word_1_79' title='bbox 465 1764 532 1850; x_wconf 88' lang='lat' dir='ltr'>Qui</span> <span class='ocrx_word' id='word_1_80' title='bbox 558 1783 666 1853; x_wconf 90' lang='lat' dir='ltr'>quum</span> <span class='ocrx_word' id='word_1_81' title='bbox 693 1765 788 1834; x_wconf 93' lang='lat' dir='ltr'>nullo</span> <span class='ocrx_word' id='word_1_82' title='bbox 806 1763 980 1835; x_wconf 84' lang='lat' dir='ltr'>furtorum</span> <span class='ocrx_word' id='word_1_83' title='bbox 1005 1787 1131 1856; x_wconf 81' lang='lat' dir='ltr'>genere</span> <span class='ocrx_word' id='word_1_84' title='bbox 1151 1766 1368 1836; x_wconf 84' lang='lat' dir='ltr'>abstinerent</span> 
     </span>
     <span class='ocr_line' id='line_1_13' title="bbox 293 1875 1363 1976; baseline 0.002 -25"><span class='ocrx_word' id='word_1_85' title='bbox 293 1875 337 1976; x_wconf 77' lang='lat' dir='ltr'>tsi</span> <span class='ocrx_word' id='word_1_86' title='bbox 357 1883 498 1971; x_wconf 88' lang='lat' dir='ltr'>quidem</span> <span class='ocrx_word' id='word_1_87' title='bbox 517 1900 636 1951; x_wconf 92' lang='lat' dir='ltr'>eorum</span> <span class='ocrx_word' id='word_1_88' title='bbox 663 1881 806 1951; x_wconf 92' lang='lat' dir='ltr'>nomine</span> <span class='ocrx_word' id='word_1_89' title='bbox 822 1890 942 1970; x_wconf 90' lang='lat' dir='ltr'>postea</span> <span class='ocrx_word' id='word_1_90' title='bbox 964 1880 1059 1953; x_wconf 87' lang='lat' dir='ltr'>iures</span> <span class='ocrx_word' id='word_1_91' title='bbox 1084 1883 1244 1973; x_wconf 90' lang='lat' dir='ltr'>appellati</span> <span class='ocrx_word' id='word_1_92' title='bbox 1265 1878 1363 1976; x_wconf 86' lang='lat' dir='ltr'>sunt)</span> 
     </span>
     <span class='ocr_line' id='line_1_14' title="bbox 289 1997 1366 2087; baseline 0 -19"><span class='ocrx_word' id='word_1_93' title='bbox 289 2006 324 2069; x_wconf 90' lang='lat' dir='ltr'>et</span> <span class='ocrx_word' id='word_1_94' title='bbox 342 1999 459 2087; x_wconf 90' lang='lat' dir='ltr'>potius</span> <span class='ocrx_word' id='word_1_95' title='bbox 479 1997 766 2066; x_wconf 83' lang='lat' dir='ltr'>lotrocinorentur</span> <span class='ocrx_word' id='word_1_96' title='bbox 786 2019 890 2085; x_wconf 86' lang='lat' dir='ltr'>quam</span> <span class='ocrx_word' id='word_1_97' title='bbox 910 2000 1127 2082; x_wconf 83' lang='lat' dir='ltr'>dimicarent,</span> <span class='ocrx_word' id='word_1_98' title='bbox 1145 2020 1226 2069; x_wconf 85' lang='lat' dir='ltr'>mox</span> <span class='ocrx_word' id='word_1_99' title='bbox 1243 2000 1366 2069; x_wconf 92' lang='lat' dir='ltr'>divites</span> 
     </span>
     <span class='ocr_line' id='line_1_15' title="bbox 289 2114 1362 2216; baseline 0.002 -33"><span class='ocrx_word' id='word_1_100' title='bbox 289 2114 387 2196; x_wconf 88' lang='lat' dir='ltr'>iacti,</span> <span class='ocrx_word' id='word_1_101' title='bbox 416 2114 588 2198; x_wconf 81' lang='lat' dir='ltr'>Athenas,</span> <span class='ocrx_word' id='word_1_102' title='bbox 617 2121 702 2184; x_wconf 92' lang='lat' dir='ltr'>tunc</span> <span class='ocrx_word' id='word_1_103' title='bbox 722 2116 888 2184; x_wconf 93' lang='lat' dir='ltr'>omnibus</span> <span class='ocrx_word' id='word_1_104' title='bbox 916 2116 995 2185; x_wconf 87' lang='lat' dir='ltr'>vitae</span> <span class='ocrx_word' id='word_1_105' title='bbox 1026 2116 1158 2216; x_wconf 88' lang='lat' dir='ltr'>deliciis</span> <span class='ocrx_word' id='word_1_106' title='bbox 1183 2117 1362 2199; x_wconf 84' lang='lat' dir='ltr'>florentes,</span> 
     </span>
     <span class='ocr_line' id='line_1_16' title="bbox 288 2231 1365 2321; baseline 0.001 -20"><span class='ocrx_word' id='word_1_107' title='bbox 288 2234 561 2315; x_wconf 88' lang='lat' dir='ltr'>conveniebant,</span> <span class='ocrx_word' id='word_1_108' title='bbox 578 2231 638 2302; x_wconf 91' lang='lat' dir='ltr'>ubi</span> <span class='ocrx_word' id='word_1_109' title='bbox 655 2233 786 2319; x_wconf 87' lang='lat' dir='ltr'>rapinis</span> <span class='ocrx_word' id='word_1_110' title='bbox 800 2233 873 2301; x_wconf 92' lang='lat' dir='ltr'>suis</span> <span class='ocrx_word' id='word_1_111' title='bbox 890 2232 982 2300; x_wconf 92' lang='lat' dir='ltr'>laute</span> <span class='ocrx_word' id='word_1_112' title='bbox 997 2242 1101 2320; x_wconf 86' lang='lat' dir='ltr'>atquc</span> <span class='ocrx_word' id='word_1_113' title='bbox 1116 2234 1259 2321; x_wconf 86' lang='lat' dir='ltr'>opipare</span> <span class='ocrx_word' id='word_1_114' title='bbox 1272 2231 1365 2302; x_wconf 86' lang='lat' dir='ltr'>frue-</span> 
     </span>
     <span class='ocr_line' id='line_1_17' title="bbox 287 2347 1365 2438; baseline -0.002 -18"><span class='ocrx_word' id='word_1_115' title='bbox 287 2357 420 2421; x_wconf 90' lang='lat' dir='ltr'>rentur.</span> <span class='ocrx_word' id='word_1_116' title='bbox 442 2351 559 2438; x_wconf 89' lang='lat' dir='ltr'>Neque</span> <span class='ocrx_word' id='word_1_117' title='bbox 586 2349 730 2417; x_wconf 86' lang='lat' dir='ltr'>deerant</span> <span class='ocrx_word' id='word_1_118' title='bbox 756 2347 955 2417; x_wconf 87' lang='lat' dir='ltr'>meretrices</span> <span class='ocrx_word' id='word_1_119' title='bbox 980 2355 1013 2417; x_wconf 91' lang='lat' dir='ltr'>et</span> <span class='ocrx_word' id='word_1_120' title='bbox 1041 2348 1202 2437; x_wconf 88' lang='lat' dir='ltr'>parasiti,</span> <span class='ocrx_word' id='word_1_121' title='bbox 1235 2349 1365 2436; x_wconf 86' lang='lat' dir='ltr'>quibus</span> 
     </span>
     <span class='ocr_line' id='line_1_18' title="bbox 287 2462 1365 2555; baseline 0.003 -22"><span class='ocrx_word' id='word_1_122' title='bbox 287 2465 551 2555; x_wconf 73' lang='lat' dir='ltr'>adiuvantibus,</span> <span class='ocrx_word' id='word_1_123' title='bbox 581 2464 670 2532; x_wconf 84' lang='lat' dir='ltr'>male</span> <span class='ocrx_word' id='word_1_124' title='bbox 694 2466 832 2553; x_wconf 84' lang='lat' dir='ltr'>portum</span> <span class='ocrx_word' id='word_1_125' title='bbox 859 2465 948 2532; x_wconf 84' lang='lat' dir='ltr'>mole</span> <span class='ocrx_word' id='word_1_126' title='bbox 981 2462 1200 2548; x_wconf 76' lang='lat' dir='ltr'>dilaberetur,</span> <span class='ocrx_word' id='word_1_127' title='bbox 1234 2466 1365 2553; x_wconf 89' lang='lat' dir='ltr'>quique</span> 
     </span>
     <span class='ocr_line' id='line_1_19' title="bbox 287 2580 1365 2668; baseline 0 -18"><span class='ocrx_word' id='word_1_128' title='bbox 287 2580 452 2650; x_wconf 89' lang='lat' dir='ltr'>stolidum</span> <span class='ocrx_word' id='word_1_129' title='bbox 472 2600 576 2668; x_wconf 89' lang='lat' dir='ltr'>quam</span> <span class='ocrx_word' id='word_1_130' title='bbox 604 2580 769 2649; x_wconf 90' lang='lat' dir='ltr'>citissime</span> <span class='ocrx_word' id='word_1_131' title='bbox 794 2581 937 2650; x_wconf 92' lang='lat' dir='ltr'>militem</span> <span class='ocrx_word' id='word_1_132' title='bbox 965 2581 1228 2665; x_wconf 88' lang='lat' dir='ltr'>defraudarent,</span> <span class='ocrx_word' id='word_1_133' title='bbox 1251 2588 1285 2651; x_wconf 92' lang='lat' dir='ltr'>et</span> <span class='ocrx_word' id='word_1_134' title='bbox 1304 2582 1365 2651; x_wconf 92' lang='lat' dir='ltr'>de-</span> 
     </span>
     <span class='ocr_line' id='line_1_20' title="bbox 286 2694 998 2782; baseline -0.004 -16"><span class='ocrx_word' id='word_1_135' title='bbox 286 2694 556 2778; x_wconf 84' lang='lat' dir='ltr'>fraudatum,&#39;ut</span> <span class='ocrx_word' id='word_1_136' title='bbox 570 2695 619 2776; x_wconf 86' lang='lat' dir='ltr'>fit,</span> <span class='ocrx_word' id='word_1_137' title='bbox 639 2695 783 2782; x_wconf 90' lang='lat' dir='ltr'>insuper</span> <span class='ocrx_word' id='word_1_138' title='bbox 801 2695 998 2765; x_wconf 91' lang='lat' dir='ltr'>irriderent.</span> 
     </span>
    </p>

    <p class='ocr_par' dir='ltr' id='par_1_3' title="bbox 286 2810 1364 3480">
     <span class='ocr_line' id='line_1_21' title="bbox 336 2810 1359 2904; baseline 0.001 -21"><span class='ocrx_word' id='word_1_139' title='bbox 336 2814 477 2883; x_wconf 90' lang='lat' dir='ltr'>Talibus</span> <span class='ocrx_word' id='word_1_140' title='bbox 496 2832 567 2882; x_wconf 92' lang='lat' dir='ltr'>non</span> <span class='ocrx_word' id='word_1_141' title='bbox 586 2814 796 2882; x_wconf 87' lang='lat' dir='ltr'>constabant</span> <span class='ocrx_word' id='word_1_142' title='bbox 817 2810 987 2881; x_wconf 86' lang='lat' dir='ltr'>militibus</span> <span class='ocrx_word' id='word_1_143' title='bbox 1007 2815 1173 2883; x_wconf 88' lang='lat' dir='ltr'>Romanae</span> <span class='ocrx_word' id='word_1_144' title='bbox 1192 2813 1359 2904; x_wconf 89' lang='lat' dir='ltr'>legiones.</span> 
     </span>
     <span class='ocr_line' id='line_1_22' title="bbox 286 2927 1364 3021; baseline -0.001 -20"><span class='ocrx_word' id='word_1_145' title='bbox 286 2931 335 3001; x_wconf 87' lang='lat' dir='ltr'>Ne</span> <span class='ocrx_word' id='word_1_146' title='bbox 354 2929 529 2999; x_wconf 89' lang='lat' dir='ltr'>miremini</span> <span class='ocrx_word' id='word_1_147' title='bbox 549 2928 655 3020; x_wconf 86' lang='lat' dir='ltr'>igitur</span> <span class='ocrx_word' id='word_1_148' title='bbox 678 2927 806 3019; x_wconf 90' lang='lat' dir='ltr'>saepius</span> <span class='ocrx_word' id='word_1_149' title='bbox 827 2928 863 2996; x_wconf 94' lang='lat' dir='ltr'>in</span> <span class='ocrx_word' id='word_1_150' title='bbox 889 2928 944 2996; x_wconf 90' lang='lat' dir='ltr'>his</span> <span class='ocrx_word' id='word_1_151' title='bbox 975 2927 1178 3021; x_wconf 89' lang='lat' dir='ltr'>effingendis</span> <span class='ocrx_word' id='word_1_152' title='bbox 1203 2930 1364 3019; x_wconf 92' lang='lat' dir='ltr'>personis</span> 
     </span>
     <span class='ocr_line' id='line_1_23' title="bbox 287 3045 1363 3136; baseline -0.002 -20"><span class='ocrx_word' id='word_1_153' title='bbox 287 3048 448 3119; x_wconf 89' lang='lat' dir='ltr'>Plautum</span> <span class='ocrx_word' id='word_1_154' title='bbox 479 3067 584 3136; x_wconf 90' lang='lat' dir='ltr'>supra</span> <span class='ocrx_word' id='word_1_155' title='bbox 615 3047 757 3116; x_wconf 94' lang='lat' dir='ltr'>modum</span> <span class='ocrx_word' id='word_1_156' title='bbox 787 3045 980 3129; x_wconf 89' lang='lat' dir='ltr'>lascivisse,</span> <span class='ocrx_word' id='word_1_157' title='bbox 1012 3055 1046 3117; x_wconf 89' lang='lat' dir='ltr'>et</span> <span class='ocrx_word' id='word_1_158' title='bbox 1078 3047 1214 3118; x_wconf 87' lang='lat' dir='ltr'>veritati</span> <span class='ocrx_word' id='word_1_159' title='bbox 1247 3048 1363 3117; x_wconf 91' lang='lat' dir='ltr'>minus</span> 
     </span>
     <span class='ocr_line' id='line_1_24' title="bbox 287 3160 1361 3252; baseline -0.001 -21"><span class='ocrx_word' id='word_1_160' title='bbox 287 3183 391 3252; x_wconf 89' lang='lat' dir='ltr'>quam</span> <span class='ocrx_word' id='word_1_161' title='bbox 411 3169 645 3251; x_wconf 89' lang='lat' dir='ltr'>spectatorum</span> <span class='ocrx_word' id='word_1_162' title='bbox 664 3160 845 3229; x_wconf 88' lang='lat' dir='ltr'>cachinnis</span> <span class='ocrx_word' id='word_1_163' title='bbox 862 3163 1091 3232; x_wconf 89' lang='lat' dir='ltr'>consuluisse.</span> <span class='ocrx_word' id='word_1_164' title='bbox 1110 3163 1219 3232; x_wconf 86' lang='lat' dir='ltr'>Graeci</span> <span class='ocrx_word' id='word_1_165' title='bbox 1238 3167 1361 3250; x_wconf 81' lang='lat' dir='ltr'>poetae,</span> 
     </span>
     <span class='ocr_line' id='line_1_25' title="bbox 287 3273 1364 3366; baseline -0.001 -19"><span class='ocrx_word' id='word_1_166' title='bbox 287 3278 346 3366; x_wconf 88' lang='lat' dir='ltr'>qui</span> <span class='ocrx_word' id='word_1_167' title='bbox 369 3277 446 3347; x_wconf 89' lang='lat' dir='ltr'>viva</span> <span class='ocrx_word' id='word_1_168' title='bbox 465 3283 499 3346; x_wconf 90' lang='lat' dir='ltr'>et</span> <span class='ocrx_word' id='word_1_169' title='bbox 522 3295 601 3346; x_wconf 90' lang='lat' dir='ltr'>vera</span> <span class='ocrx_word' id='word_1_170' title='bbox 620 3273 827 3356; x_wconf 84' lang='lat' dir='ltr'>referebant,</span> <span class='ocrx_word' id='word_1_171' title='bbox 847 3274 925 3343; x_wconf 82' lang='lat' dir='ltr'>ideo</span> <span class='ocrx_word' id='word_1_172' title='bbox 945 3294 982 3344; x_wconf 89' lang='lat' dir='ltr'>se</span> <span class='ocrx_word' id='word_1_173' title='bbox 1007 3275 1123 3345; x_wconf 83' lang='lat' dir='ltr'>forsan</span> <span class='ocrx_word' id='word_1_174' title='bbox 1143 3277 1234 3346; x_wconf 88' lang='lat' dir='ltr'>intra</span> <span class='ocrx_word' id='word_1_175' title='bbox 1250 3282 1364 3347; x_wconf 86' lang='lat' dir='ltr'>certos</span> 
     </span>
     <span class='ocr_line' id='line_1_26' title="bbox 286 3391 1364 3480; baseline 0 -17"><span class='ocrx_word' id='word_1_176' title='bbox 286 3392 374 3463; x_wconf 87' lang='lat' dir='ltr'>fines</span> <span class='ocrx_word' id='word_1_177' title='bbox 386 3391 647 3473; x_wconf 90' lang='lat' dir='ltr'>continuerant;</span> <span class='ocrx_word' id='word_1_178' title='bbox 661 3393 802 3461; x_wconf 88' lang='lat' dir='ltr'>Plautus</span> <span class='ocrx_word' id='word_1_179' title='bbox 814 3397 941 3474; x_wconf 90' lang='lat' dir='ltr'>autem,</span> <span class='ocrx_word' id='word_1_180' title='bbox 953 3412 1062 3480; x_wconf 90' lang='lat' dir='ltr'>quum</span> <span class='ocrx_word' id='word_1_181' title='bbox 1072 3394 1167 3464; x_wconf 90' lang='lat' dir='ltr'>nulla</span> <span class='ocrx_word' id='word_1_182' title='bbox 1178 3395 1364 3464; x_wconf 91' lang='lat' dir='ltr'>subessent</span> 
     </span>
    </p>
   </div>
   <div class='ocr_carea' id='block_1_3' title="bbox 174 3506 1364 3600">
    <p class='ocr_par' dir='ltr' id='par_1_4' title="bbox 174 3506 1364 3600">
     <span class='ocr_line' id='line_1_27' title="bbox 174 3506 1364 3600; baseline 0.001 -23"><span class='ocrx_word' id='word_1_183' title='bbox 174 3572 175 3577; x_wconf 75' lang='grc'>,</span> <span class='ocrx_word' id='word_1_184' title='bbox 287 3508 496 3600; x_wconf 87' lang='lat' dir='ltr'>exemplaria</span> <span class='ocrx_word' id='word_1_185' title='bbox 525 3507 568 3578; x_wconf 90' lang='lat' dir='ltr'>ad</span> <span class='ocrx_word' id='word_1_186' title='bbox 592 3527 741 3596; x_wconf 92' lang='lat' dir='ltr'>quorum</span> <span class='ocrx_word' id='word_1_187' title='bbox 762 3506 908 3597; x_wconf 88' lang='lat' dir='ltr'>effigiem</span> <span class='ocrx_word' id='word_1_188' title='bbox 937 3506 1186 3599; x_wconf 90' lang='lat' dir='ltr'>Stratophanes</span> <span class='ocrx_word' id='word_1_189' title='bbox 1216 3530 1299 3578; x_wconf 90' lang='lat' dir='ltr'>suos</span> <span class='ocrx_word' id='word_1_190' title='bbox 1329 3515 1364 3580; x_wconf 93' lang='lat' dir='ltr'>et</span> 
     </span>
    </p>
   </div>
   <div class='ocr_carea' id='block_1_4' title="bbox 286 3624 1364 4066">
    <p class='ocr_par' dir='ltr' id='par_1_5' title="bbox 286 3624 1364 4066">
     <span class='ocr_line' id='line_1_28' title="bbox 287 3624 1363 3718; baseline -0.001 -21"><span class='ocrx_word' id='word_1_191' title='bbox 287 3626 568 3718; x_wconf 83' lang='lat' dir='ltr'>Pyrgopolinices</span> <span class='ocrx_word' id='word_1_192' title='bbox 590 3624 813 3706; x_wconf 92' lang='lat' dir='ltr'>describeret,</span> <span class='ocrx_word' id='word_1_193' title='bbox 842 3642 913 3692; x_wconf 93' lang='lat' dir='ltr'>non</span> <span class='ocrx_word' id='word_1_194' title='bbox 940 3625 1058 3696; x_wconf 90' lang='lat' dir='ltr'>timuit</span> <span class='ocrx_word' id='word_1_195' title='bbox 1080 3646 1124 3695; x_wconf 91' lang='lat' dir='ltr'>ne</span> <span class='ocrx_word' id='word_1_196' title='bbox 1141 3626 1325 3696; x_wconf 86' lang='lat' dir='ltr'>recessisse</span> <span class='ocrx_word' id='word_1_197' title='bbox 1344 3647 1363 3695; x_wconf 92' lang='lat' dir='ltr'>a</span> 
     </span>
     <span class='ocr_line' id='line_1_29' title="bbox 286 3739 1364 3832; baseline -0.003 -18"><span class='ocrx_word' id='word_1_198' title='bbox 286 3763 368 3814; x_wconf 85' lang='lat' dir='ltr'>vero</span> <span class='ocrx_word' id='word_1_199' title='bbox 379 3751 414 3813; x_wconf 93' lang='lat' dir='ltr'>et</span> <span class='ocrx_word' id='word_1_200' title='bbox 424 3742 554 3832; x_wconf 89' lang='lat' dir='ltr'>aliquid</span> <span class='ocrx_word' id='word_1_201' title='bbox 568 3740 716 3810; x_wconf 91' lang='lat' dir='ltr'>nimium</span> <span class='ocrx_word' id='word_1_202' title='bbox 733 3739 914 3811; x_wconf 93' lang='lat' dir='ltr'>admisisse</span> <span class='ocrx_word' id='word_1_203' title='bbox 928 3741 1200 3826; x_wconf 88' lang='lat' dir='ltr'>insimularetur,</span> <span class='ocrx_word' id='word_1_204' title='bbox 1209 3744 1364 3813; x_wconf 90' lang='lat' dir='ltr'>nullum·</span> 
     </span>
     <span class='ocr_line' id='line_1_30' title="bbox 287 3857 1363 3948; baseline 0 -20"><span class='ocrx_word' id='word_1_205' title='bbox 287 3877 356 3948; x_wconf 87' lang='lat' dir='ltr'>que</span> <span class='ocrx_word' id='word_1_206' title='bbox 369 3858 544 3948; x_wconf 85' lang='lat' dir='ltr'>jocositati</span> <span class='ocrx_word' id='word_1_207' title='bbox 567 3877 641 3927; x_wconf 87' lang='lat' dir='ltr'>suae</span> <span class='ocrx_word' id='word_1_208' title='bbox 667 3857 810 3926; x_wconf 94' lang='lat' dir='ltr'>modum</span> <span class='ocrx_word' id='word_1_209' title='bbox 835 3857 1013 3947; x_wconf 91' lang='lat' dir='ltr'>imposuit.</span> <span class='ocrx_word' id='word_1_210' title='bbox 1040 3859 1132 3929; x_wconf 91' lang='lat' dir='ltr'>Nihil</span> <span class='ocrx_word' id='word_1_211' title='bbox 1154 3860 1246 3929; x_wconf 93' lang='lat' dir='ltr'>enim</span> <span class='ocrx_word' id='word_1_212' title='bbox 1269 3858 1363 3928; x_wconf 89' lang='lat' dir='ltr'>aliud</span> 
     </span>
     <span class='ocr_line' id='line_1_31' title="bbox 287 3973 1362 4066; baseline 0.002 -22"><span class='ocrx_word' id='word_1_213' title='bbox 287 3974 489 4064; x_wconf 87' lang='lat' dir='ltr'>requirebat</span> <span class='ocrx_word' id='word_1_214' title='bbox 509 3974 577 4047; x_wconf 90' lang='lat' dir='ltr'>uisi</span> <span class='ocrx_word' id='word_1_215' title='bbox 598 3981 652 4060; x_wconf 91' lang='lat' dir='ltr'>ut,</span> <span class='ocrx_word' id='word_1_216' title='bbox 680 3974 746 4046; x_wconf 91' lang='lat' dir='ltr'>hac</span> <span class='ocrx_word' id='word_1_217' title='bbox 768 3973 947 4066; x_wconf 91' lang='lat' dir='ltr'>proposita</span> <span class='ocrx_word' id='word_1_218' title='bbox 976 3976 1110 4048; x_wconf 83' lang='lat' dir='ltr'>externi</span> <span class='ocrx_word' id='word_1_219' title='bbox 1135 3984 1171 4048; x_wconf 88' lang='lat' dir='ltr'>et</span> <span class='ocrx_word' id='word_1_220' title='bbox 1193 3973 1362 4047; x_wconf 88' lang='lat' dir='ltr'>irridendi</span> 
     </span>
    </p>
   </div>
   <div class='ocr_carea' id='block_1_5' title="bbox 323 4245 636 4320">
    <p class='ocr_par' dir='ltr' id='par_1_6' title="bbox 323 4245 636 4320">
     <span class='ocr_line' id='line_1_32' title="bbox 323 4245 636 4320; baseline -0.003 -19"><span class='ocrx_word' id='word_1_221' title='bbox 323 4245 473 4310; x_wconf 74' lang='lat' dir='ltr'>*ruuum.,</span> <span class='ocrx_word' id='word_1_222' title='bbox 492 4250 537 4320; x_wconf 83' lang='lat' dir='ltr'>ip,</span> <span class='ocrx_word' id='word_1_223' title='bbox 550 4249 578 4313; x_wconf 85' lang='lat' dir='ltr'>a,</span> <span class='ocrx_word' id='word_1_224' title='bbox 592 4251 636 4301; x_wconf 80' lang='lat' dir='ltr'>aa.</span> 
     </span>
    </p>
   </div>
   <div class='ocr_carea' id='block_1_6' title="bbox 0 0 1504 5220">
    <p class='ocr_par' dir='ltr' id='par_1_7' title="bbox 0 0 1504 5220">
     <span class='ocr_line' id='line_1_33' title="bbox 0 0 1504 5220; baseline 0 4"><span class='ocrx_word' id='word_1_225' title='bbox 0 0 1504 5220; x_wconf 95' lang='lat' dir='ltr'> </span> 
     </span>
    </p>
   </div>
  </div>
 </body>
</html>
