3000 5220
649 394 841 463 -27..

211 582 337 645 mores,
358 560 509 651 huicque
531 560 580 631 rei
604 559 707 630 unice
730 560 868 642 intenti,
895 559 1027 631 scilicet
1045 568 1085 630 ut
1107 580 1144 630 se
1163 560 1284 631 facetis

211 685 359 750 onerent
379 658 543 747 conviciis
567 678 696 766 quibus
719 678 868 766 plebem,
896 678 1072 748 servilium
1086 679 1283 770 jurgiorum

211 797 306 868 haud
327 797 495 886 ignaram,
517 795 639 886 longos
657 795 803 866 inrisus
823 796 968 865 solvant.

260 915 308 981 Ea
323 911 416 982 enim
438 910 580 982 fuisse'a
599 931 735 981 somma
753 932 854 981 cavea
871 911 1022 1000 benigne
1049 919 1192 1002 excepta
1213 931 1285 981 non

211 1027 435 1109 dubitabunt,
456 1027 585 1114 quibus
608 1027 723 1098 veniet
749 1028 786 1095 in
814 1035 965 1097 mentem
993 1026 1084 1114 plebi
1118 1028 1285 1118 majorem

211 1142 553 1234 frequentioremque
568 1163 648 1214 cum
662 1143 781 1225 servis,
797 1162 902 1232 quam
916 1162 994 1213 cum
1009 1143 1165 1231 patriciis
1178 1142 1286 1215 luisse

211 1261 492 1334 familiaritatem.
517 1260 610 1345 Quin
636 1259 711 1347 ipsa
732 1260 831 1347 plebs
852 1279 893 1329 ex
911 1259 1056 1341 libertis,
1077 1261 1106 1328 si
1132 1260 1284 1349 Scipioni

211 1377 394 1447 AEmiliano
411 1375 514 1445 fidem
534 1376 715 1458 habemus,
732 1375 955 1465 potissimum
971 1375 1131 1458 conflata,
1144 1397 1162 1444 a
1177 1376 1286 1463 servis

212 1493 360 1564 ducebat
375 1491 556 1582 originem,
574 1500 608 1561 et
625 1511 892 1580 nonnunquam,
919 1496 958 1560 ut
982 1511 1024 1560 ex
1045 1491 1155 1561 Plauti
1173 1491 1285 1578 ipsius

212 1609 369 1699 exemplo
399 1615 615 1697 compertum
636 1615 699 1690 est,
731 1614 881 1698 egestate
908 1613 1038 1690 coacta,
1057 1608 1101 1676 ob
1124 1626 1285 1695 quaeren-
1377 1585 1381 1592 ¹

212 1725 295 1796 dum
315 1724 458 1807 victum,
485 1724 521 1793 in
545 1724 704 1794 servilem
724 1724 959 1792 conditionem
984 1744 1107 1794 rursus
1127 1725 1286 1794 devolve-

212 1842 326 1912 batur.
351 1841 438 1911 (lum
459 1840 565 1932 igitur
584 1841 680 1929 parvi
699 1842 866 1929 penderet
880 1849 1019 1909 rectene
1039 1860 1083 1908 an
1102 1860 1284 1928 perperam

212 1958 443 2027 deduceretur
463 1956 592 2039 fabula,
610 1957 712 2024 irasci
729 1976 800 2025 nou
816 1956 931 2044 potuit
945 1956 973 2023 si
987 1956 1285 2043 quando-Plautus

212 2073 430 2143 honestiores
452 2093 619 2162 personas
639 2093 658 2140 a
675 2092 779 2142 scena
803 2076 997 2141 removerat
1019 2079 1122 2160 atque
1149 2072 1285 2162 ablega·

212 2196 330 2271 verat,
353 2188 550 2259 liberiorem
570 2188 678 2258 servis
696 2190 811 2258 locum
830 2188 1083 2277 impertiturus.
1106 2191 1173 2259 llos
1192 2189 1285 2260 enim

209 2306 356 2396 jubebat
367 2304 589 2395 potissimum
608 2305 734 2394 exponi
756 2306 791 2373 in
811 2304 946 2375 theatro
960 2306 1183 2393 quibuscum,
1201 2306 1284 2376 dum

212 2423 316 2493 vitam
346 2430 482 2512 ageret,
512 2421 730 2522 frequentius
767 2423 1064 2503 conversabatur;
1094 2424 1283 2492 dummodo

212 2537 334 2629 peritae
349 2537 629 2627 excogitarentur
646 2548 825 2610 servorum
844 2539 1093 2630 sycophantiae,

265 2745 370 2816 Quibus
383 2744 483 2804 herum
497 2749 555 2804 tam
570 2745 682 2805 frictum
694 2747 824 2819 reddunt,
839 2763 924 2821 quam
938 2744 1048 2804 frictum
1061 2746 1095 2804 'st
1105 2745 1178 2806 cicer
1188 2751 1207 2814 ¹,

153 2916 173 2987 ss
212 2947 326 3011 cetera
343 2934 455 3010 omitti
474 2944 534 3037 aut
551 2936 679 3030 negligi
695 2937 795 3010 facile
811 2940 1025 3029 patiebatur;
1042 2940 1078 3008 in
1095 2941 1145 3010 eis
1168 2947 1284 3013 autem

212 3073 332 3126 curam
350 3061 384 3123 et
394 3053 582 3123 novitatem
597 3055 772 3145 praecipue
786 3057 1040 3145 expostulabat,
1054 3075 1167 3142 neque
1183 3056 1285 3125 tulis-

210 3178 264 3242 set
285 3176 399 3241 vetera
421 3169 571 3259 tritaque
585 3172 718 3260 reponi,
740 3180 779 3242 ut
798 3193 839 3242 ex
857 3171 967 3242 Plauti
984 3171 1183 3241 testimonio
1201 3191 1286 3241 con-

207 3287 350 3379 jicimus
371 3285 437 3356 sihi
455 3286 491 3355 in
512 3285 674 3356 Pseudolo
692 3289 873 3379 gloriantis
892 3290 985 3377 quod
1005 3309 1134 3359 novum
1154 3289 1284 3378 aliquid

211 3410 447 3472 commentum
473 3403 510 3472 in
539 3424 678 3473 scenam
704 3404 896 3474 attulerit².
926 3409 1057 3494 ltaque,
1084 3425 1284 3493 quanquam

211 3539 276 3590 uos
305 3526 451 3590 monent
477 3520 659 3590 Menandri
691 3519 885 3610 fragmenta
918 3523 1046 3604 multa,
1083 3521 1118 3588 in
1155 3521 1285 3591 Graecis

210 3635 349 3722 sabulis,
374 3659 437 3728 per
465 3658 645 3709 servorum
670 3639 816 3708 astutias
834 3638 942 3708 fuisse
962 3638 1131 3719 absoluta,
1153 3637 1284 3725 aliquid

210 3759 328 3824 tamen
353 3756 513 3826 Plautum
538 3754 712 3845 adJecisse
743 3755 966 3838 crediderim,
996 3759 1030 3824 et
1061 3754 1281 3842 locupletem,

135 3867 140 3875 '
210 3892 289 3962 quae
312 3856 856 3963 suppeditabatur,materiam,
887 3871 1147 3961 locupletiorem
1180 3870 1287 3941 etiam

210 3987 374 4059 effecisse.
384 3987 564 4092 Bacchides
577 4009 618 4058 ex
630 3991 682 4067 Δὶς
696 3989 874 4068 ἐξαπατῶντι
888 3989 996 4060 fuisse
1008 4009 1125 4059 versas
1140 3990 1280 4073 scimus;

246 4197 254 4231 ¹
267 4199 404 4261 Bucclrid.¹
419 4199 460 4263 lV,
474 4201 502 4262 b',
516 4201 541 4250 7.
552 4193 726 4261 -2Pseuu,
740 4198 760 4261 1,
775 4200 801 4261 5,
817 4199 874 4250 loo.
