3000 5220
701 384 894 456 ..40-

261 549 427 622 idoneum
454 548 563 622 tuisse
589 549 756 620 docendae
783 553 965 643 sapientiae
992 555 1116 628 iudum
1142 574 1215 629 non
1246 577 1338 649 egre

261 663 460 739 fatebimur.
591 711 600 720 -

310 784 379 855 Nec
409 783 518 874 magis
544 788 645 854 erant
667 781 838 855 Plautiam
865 803 1027 874 personae
1050 786 1284 860 informanda
1303 796 1339 861 et

261 900 505 992 praecipiendae
530 899 651 970 virtuti
678 903 959 972 accommodatae.
990 905 1039 974 De
1064 905 1223 976 moribus
1242 905 1337 977 enim

260 1017 355 1107 loqui
374 1037 444 1087 non
463 1015 636 1089 nisibeno
658 1025 811 1087 moratos
831 1019 930 1089 decet
941 1042 950 1101 ;
972 1021 1051 1109 quis
1065 1026 1126 1092 aut
1139 1022 1254 1092 ventri
1277 1023 1340 1093 de-

261 1133 371 1206 ditum
396 1131 595 1204 sobrietatis
615 1134 736 1209 laudes
752 1135 1012 1222 predicantem,
1032 1144 1093 1208 aut
1108 1137 1337 1210 libidinosum

261 1269 379 1324 senem
412 1249 627 1324 meretricios
659 1269 795 1321 amores
826 1250 1091 1341 impugnantem
1124 1251 1257 1323 ferreti
1287 1260 1339 1324 tot

261 1365 1339 1460 igiturproeceptaadmoresspeotantia,totdererumhuma-

261 1501 385 1557 nsrum
412 1481 561 1553 miseriis
587 1480 753 1569 querelae,
782 1479 912 1568 quibus
930 1484 1114 1554 Menandri
1143 1485 1337 1581 fragmenta

260 1594 505 1679 referciuntur,
526 1600 762 1686 opportunum
784 1595 819 1665 in
839 1597 968 1668 Graecis
984 1597 1112 1670 fabulis
1128 1603 1244 1674 locum
1264 1623 1336 1675 non

260 1709 477 1796 habuissent,
499 1709 566 1783 nisi
591 1709 682 1782 inter
704 1708 799 1783 iures
824 1718 858 1781 et
877 1712 1052 1797 scelestos,
1074 1736 1226 1805 quorum
1246 1738 1337 1810 ppae.

262 1829 352 1905 ciere
370 1834 465 1926 geste
484 1828 645 1903 lubenter
664 1825 793 1901 reterre
813 1829 983 1900 comoedia
998 1831 1096 1916 solet,
1113 1834 1220 1923 aliqui
1233 1837 1335 1926 probi

262 1944 442 2021 rbbiesent
461 1965 479 2018 e
500 1943 630 2037 quibus
650 1945 785 2016 scelesti
811 1945 1086 2039 castigarentur;
1112 1949 1204 2021 inter
1221 1958 1336 2024 temu-

261 2064 374 2139 lentae
390 2070 424 2136 et
438 2052 672 2145 convivantes,
693 2063 809 2134 moesti
826 2063 968 2153 quidam
986 2072 1021 2136 et
1034 2087 1156 2158 graves
1167 2067 1246 2152 viri,
1260 2069 1332 2158 qui,

261 2179 366 2255 vitam
382 2181 453 2272 jam
473 2187 574 2251 antea
592 2179 736 2268 experti,
753 2178 895 2268 quantis
911 2181 1117 2271 plerumque
1134 2191 1335 2256 exerceatur

262 2296 412 2372 miseriis
428 2296 650 2368 convivantes
670 2300 703 2366 et
718 2294 927 2367 temulentos
944 2297 1119 2368 docerent.
1146 2298 1198 2368 lili
1217 2309 1334 2371 autem

251 2417 299 2494 'io
317 2418 472 2494 Plautina
491 2437 595 2490 soona
612 2436 786 2508 nusquam
801 2424 1011 2500 occurrunt;
1033 2438 1098 2489 nec
1113 2419 1182 2490 nisi
1198 2423 1332 2511 eosqui

263 2536 335 2610 sint
352 2537 393 2610 ad
412 2537 529 2608 omnia
550 2537 709 2608 audenda
726 2534 819 2606 furta
837 2534 948 2625 parati
968 2535 1012 2606 ad
1029 2557 1221 2627 omnesque
1236 2537 1334 2609 etiirsi

263 2656 457 2747 voluptates
469 2652 615 2738 inducit,
632 2672 721 2742 quos
735 2662 828 2724 certe
849 2655 891 2724 de
908 2655 1037 2725 virtute
1054 2656 1263 2727 disserentes
1275 2663 1337 2728 aut

263 2773 417 2849 bumana
432 2773 591 2867 lugentes
614 2770 805 2842 infortunia
825 2790 929 2841 nemo
948 2771 1173 2841 toleravisset.
1194 2774 1337 2843 Plautus
1431 2769 1438 2780 ‘

264 2889 385 2984 igitur,
409 2887 491 2960 dum
512 2874 668 2958 imitatur
693 2888 851 2970 Graecos,
874 2907 945 2956 non
965 2888 1068 2957 modo
1090 2894 1264 2979 praecepta
1281 2907 1337 2959 sa-

263 3006 415 3102 pientise,
432 3003 492 3078 sed
507 3002 687 3094 sapientiae
700 3005 804 3076 etiam
819 3010 1049 3095 praeceptores
1069 3005 1228 3088 sustulit;
1238 3025 1338 3077 eum-

264 3145 334 3218 que
351 3121 480 3216 probos
496 3116 686 3215 gravesque
702 3121 806 3204 viros,
828 3141 916 3210 quos
936 3141 1007 3190 non
1022 3141 1146 3210 parvas
1159 3122 1195 3190 in
1208 3122 1338 3192 Graeois

265 3239 393 3314 fabulis
407 3242 522 3331 partos
535 3235 730 3309 obtinuisse
743 3237 886 3328 conjeci,
904 3244 964 3306 aut
979 3237 1123 3306 omnino
1136 3237 1335 3321 removisse,

266 3368 328 3432 aut
340 3358 460 3429 saltem
478 3355 513 3426 in
529 3354 682 3435 deterius
696 3354 872 3424 inflexisse
891 3372 1034 3424 necesse
1050 3360 1113 3424 est.

315 3469 1336 3566 Rullispbilosophicaederepraeceptamagisoonvenisset,

266 3613 375 3686 μω
398 3590 542 3669 senibus
568 3587 807 3680 patribusque.
832 3588 902 3658 Nee
920 3585 1074 3657 dubitari
1092 3593 1225 3676 potest,
1246 3595 1281 3660 et
1296 3609 1339 3660 ex

267 3710 474 3787 butiana
487 3704 679 3779 imitatione
699 3708 795 3793 patet
807 3702 1007 3773 Chremetes
1026 3701 1254 3792 Simonesque
1269 3704 1340 3778 ire-

267 3838 417 3922 μὴ
436 3823 527 3918 apud
554 3821 781 3895 Menandrum
806 3818 896 3890 filios
922 3837 1005 3889 suos
1029 3824 1090 3889 aut
1110 3819 1220 3896 amice
1243 3841 1339 3893 com.

268 3948 458 4029 nisse,
473 3949 534 4016 aut
546 3939 669 4012 acriter
680 3944 782 4009 etorc
798 3935 932 4006 tumido
947 3933 1222 4023 reprehendisse.
1235 3938 1339 4009 Plau-

270 4064 469 4137 Μ*
484 4064 612 4150 petros,
631 4053 659 4127 ei
675 4050 814 4145 quando
827 4047 907 4120 tiliis
922 4048 1123 4119 irascuntur
1140 4043 1208 4142 [eos
1220 4060 1336 4123 autem

270 4179 624 4267 *neptum
636 4175 941 4265 argentumquem
951 4164 994 4236 ob
1009 4163 1213 4254 inquinatos
1225 4188 1337 4241 mores
