3000 5220
322 327 323 331 ‘
426 296 466 397 3

578 409 904 480 ·-5s-.

209 571 426 646 familiariter
446 578 575 646 versari
596 578 683 666 quin
702 579 812 669 maior
831 579 868 648 in
884 579 960 650 dics
977 583 1129 648 mentem
1146 578 1282 650 subiret

108 779 110 782 Ι
210 692 404 762 admiratio.
420 695 532 778 Quam
543 694 653 782 perite
666 696 784 765 Graeca
797 695 1051 765 deducerentur
1064 702 1279 785 argumenta,

210 820 315 895 qnam
331 808 422 877 inter
435 825 473 878 se
491 809 666 878 subtiliter
682 809 897 879 cohaererent
910 820 1034 892 scenae,
1051 794 1284 896 quantotiu-

197 928 264 993 ›ter
278 924 315 992 in
334 925 455 1013 quavis
471 926 588 1014 operis
606 933 705 1014 parte
724 927 933 997 retineretur
948 926 1074 996 modus
1090 926 1285 1014 nequibant

211 1039 295 1112 satis
322 1039 623 1123 animadvertere;
652 1061 731 1130 quae
750 1062 831 1112 eum
860 1058 879 1110 a
905 1027 1064 1113 Plautina
1090 1029 1284 1111 imitutione

212 1157 340 1245 saepius
352 1157 474 1226 abesse
482 1157 725 1248 intelligerent,
737 1158 969 1228 Menandrum
982 1156 1121 1230 indocte
1130 1174 1282 1242 versum,

184 1258 187 1268 '
212 1273 469 1360 spoliatumque
487 1273 553 1342 hac
568 1287 686 1343 rerum
701 1275 960 1362 verborumque
974 1279 1168 1356 venustate,
1193 1275 1285 1343 etad

212 1371 375 1456 scurriles
392 1389 491 1478 jocos
516 1389 596 1477 plus
614 1409 717 1478 aequo
742 1383 909 1460 inflexum
933 1408 1122 1481 agnoscere
1145 1408 1287 1460 recuso-

212 1501 308 1587 bant,
325 1502 504 1592 aliumque
517 1507 737 1594 usurpabant
748 1505 909 1576 imitandi
925 1518 1069 1590 morem,
1083 1520 1154 1594 quo
1164 1505 1287 1575 Graeca

214 1621 385 1690 comoedia
401 1621 536 1712 integra
551 1627 587 1691 et
604 1622 734 1691 intacta
748 1623 870 1712 magis,
891 1636 1043 1711 cumque
1058 1622 1132 1693 suis
1144 1622 1286 1692 tandem

213 1733 412 1818 virtutibus,
430 1737 468 1807 ln
482 1738 596 1808 lucem
617 1737 783 1826 prodiret.

227 1865 230 1869 ’
263 1851 315 1920 llli
338 1873 419 1922 vero
444 1854 617 1943 elegantes
643 1853 843 1940 eruditique
858 1860 972 1942 poetas
992 1867 1100 1922 unam
1123 1865 1198 1922 rem
1226 1872 1290 1922 nc-

215 1969 403 2059 glexerant,
424 1970 479 2038 cui
500 1969 687 2037 maximam
714 1969 856 2038 Plautus
882 1968 1101 2057 impenderat
1120 1988 1287 2057 operam:
1316 1959 1318 1963 ⁷

216 2083 346 2153 scilicet
368 2090 408 2152 ut
433 2076 688 2171 spectatoribus
707 2080 781 2152 suis
802 2083 1034 2154 consulerent.
1057 2077 1195 2154 Nullam
1218 2081 1290 2152 fere

216 2199 368 2288 reperies
392 2201 505 2270 Plauti
525 2199 678 2269 fabulam
702 2199 763 2270 ubi
789 2219 860 2268 non
886 2200 1003 2288 aliqua
1031 2200 1290 2269 circumstantis

216 2310 328 2403 plebis
343 2310 405 2385 fiat
423 2315 566 2398 mentio,
588 2332 650 2384 seu
664 2308 707 2384 de
722 2314 976 2403 spectatorlbus
995 2323 1108 2404 poeta,
1131 2328 1291 2383 seucum

200 2410 202 2415 ’
218 2430 473 2518 spectatoribus
489 2431 663 2516 loquatur.
684 2430 764 2511 Nec,
783 2428 812 2498 si
823 2429 981 2519 Captivos
998 2446 1091 2514 suos,
1108 2426 1291 2498 honestem

218 2551 253 2615 et
268 2547 359 2614 bene
373 2551 542 2614 moratam
558 2542 723 2627 tabulam,
740 2544 791 2614 eis
807 2544 983 2636 praecipue
999 2545 1293 2616 commendaverit

218 2660 278 2749 qui
298 2666 448 2749 possunt
460 2674 518 2748 ope
536 2676 600 2728 suu
616 2659 776 2728 consecter
788 2656 812 2744 ¹,
830 2661 962 2731 scilicet
985 2655 1163 2744 divitibus,
1184 2662 1293 2750 patri-

137 2826 140 2831 .
219 2776 300 2861 ciis,
331 2770 592 2846 honestioribus
620 2776 721 2859 viris,
752 2774 1009 2866 quibusprobi
1041 2793 1155 2848 mores
1182 2774 1293 2868 magis

219 2889 315 2963 cordi
335 2899 452 2975 erent,
471 2885 549 2961 ideo
565 2888 818 2963 existimandus
833 2899 885 2962 est
905 2899 1027 2962 ceterae
1044 2894 1156 2982 plebis
1172 2911 1292 2963 curam

219 3007 389 3079 omisisse.
412 3008 523 3076 lmmo
550 3022 629 3077 cum
649 3002 807 3097 plerique
830 3006 940 3076 critici
963 3020 1136 3077 summam
1154 3024 1292 3076 caveam

219 3125 347 3215 saepius
370 3142 474 3213 quam
488 3104 709 3194 ⁴orchestram
735 3123 930 3214 respexisse
957 3121 1081 3192 merito
1104 3122 1295 3193 contende-

219 3249 312 3313 runt.
332 3240 468 3328 Quibus
484 3241 588 3324 enlm,
607 3240 674 3311 nisi
692 3240 833 3331 pullatae
846 3248 880 3311 et
895 3239 1062 3311 tunicatae
1077 3234 1184 3331 plebi,
1200 3239 1292 3309 fricti

220 3356 341 3427 ciceris
361 3356 532 3447 uncisque
547 3356 764 3446 emptoribus
780 3359 941 3440 consulit,
957 3373 1067 3448 quum
1083 3360 1222 3429 tantum
1239 3359 1295 3426 in-

219 3472 327 3543 sumit
350 3471 506 3542 laborem
542 3488 586 3542 ne
611 3468 696 3561 quid
722 3470 768 3542 sit
789 3473 832 3541 ab
862 3468 1026 3543 omnibus
1051 3475 1169 3543 minus
1192 3472 1295 3540 intel-

219 3586 346 3657 lectum
360 3588 375 3655 i
389 3590 430 3657 ln
450 3586 613 3678 prologis,
635 3586 729 3677 plebi
751 3585 904 3658 iabulam
921 3600 1062 3656 omnem
1081 3587 1185 3656 dabat
1204 3602 1296 3675 prac-

220 3704 458 3786 noscendam;
494 3722 608 3793 neque
643 3723 682 3773 ea
713 3723 817 3794 parce
843 3709 877 3774 et
909 3703 1045 3774 modice
1080 3702 1295 3793 praelibanda

221 3819 472 3908 apponebatur,
495 3840 559 3890 nee
574 3817 695 3904 modio,
712 3827 753 3891 ut
773 3820 897 3907 aiebat,
914 3829 976 3890 oct
994 3796 1159 3902 trimodae,
1179 3833 1295 3887 oerum

221 3933 336 4004 horreo
354 3936 425 4026 ipso
441 3936 597 4006 demenso
614 3961 623 4004 .·

257 4199 266 4233 ¹
278 4204 368 4267 Capu,
381 4204 448 4268 prol.
462 4207 506 4258 lb.
