3000 5220
652 410 846 478 ..52-

215 577 383 658 movisse,
413 577 581 664 quasdam
611 575 742 663 optima
778 575 880 643 etiam
905 575 1101 662 praebentes
1128 578 1288 666 exempla

213 691 355 763 effinxit.
382 694 433 760 lta
455 691 547 761 enim
570 695 711 759 strenue
732 690 890 781 conjugis
912 709 1052 759 causam
1074 711 1179 781 agens
1205 713 1287 762 cum

212 814 311 898 patre
339 807 517 876 Pinacium
543 805 720 894 dimicat¹,
743 806 790 874 ita
809 805 965 874 animose
992 814 1027 875 et
1050 807 1194 876 viriliter
1216 807 1289 876 filia

213 924 408 994 Saturionis
426 943 463 992 se
477 921 631 991 vindicat
653 921 854 991 adedecore
868 918 893 1003 ²,
914 928 953 990 ut
972 924 1148 991 Romanas
1165 923 1287 993 induci

212 1040 395 1128 loquentes
422 1037 612 1107 arbitreris,
643 1037 709 1108 Sed
737 1058 755 1108 e
783 1037 912 1108 Graecis
939 1038 1161 1119 mulieribus,
1190 1039 1289 1109 nulla

214 1155 369 1244 apertius
381 1173 485 1244 quam
497 1153 687 1224 Alcumena
697 1156 871 1223 Romanos
887 1173 1000 1224 mores
1011 1153 1136 1224 induit.
1146 1154 1288 1227 Dicores

212 1273 374 1342 Plautum
402 1291 510 1360 quum
538 1271 640 1341 vellet
669 1261 815 1359 probam
842 1270 1023 1340 mulierem
1050 1277 1084 1340 et
1108 1270 1216 1340 nobili
1243 1273 1289 1342 de

211 1393 313 1476 gente
334 1392 445 1457 ortam
471 1387 513 1455 ab
539 1385 606 1454 hoc
631 1386 735 1474 globo
761 1385 983 1455 meretricum
1010 1386 1182 1476 segregari
1206 1407 1289 1476 quae

212 1503 342 1593 saepius
370 1503 405 1571 in
436 1501 559 1570 ceteris
590 1499 717 1570 sabulis
744 1509 951 1585 occurrunt,
978 1508 1012 1571 et
1034 1510 1212 1572 vereretur
1242 1523 1289 1574 ne

211 1615 288 1685 labo
307 1616 457 1704 quadam
479 1614 649 1702 pollueret
670 1601 782 1697 hanc,
812 1621 851 1685 ut
876 1616 1059 1706 magnifice
1077 1619 1290 1707 loquebatur

174 1804 178 1825 ¹
209 1731 386 1815 Afranius,
411 1729 561 1799 nominis
579 1739 816 1799 matronarum
836 1730 1100 1801 sanctitudinem
1112 1728 1145 1818 ³,
1165 1735 1208 1804 ad
1224 1755 1290 1824 pa-

209 1849 327 1918 tricias
349 1845 513 1919 mulieres
530 1848 733 1938 respexisse,
751 1868 901 1937 quarum
925 1869 1038 1919 mores
1058 1849 1289 1940 Amphitruo-

209 1965 265 2034 nis
285 1986 372 2035 uxor
400 1965 537 2036 fidelius
565 1965 720 2037 referret.
750 1965 940 2037 Alcumena
963 1966 1068 2050 enim,
1095 1968 1123 2036 si
1145 1970 1289 2057 penitus

209 2083 386 2171 inspicias,
408 2085 564 2152 Romana
584 2090 637 2152 est
655 2091 824 2168 matrona,
843 2086 981 2175 pudica,
1002 2085 1173 2176 morigera
1190 2087 1285 2170 viro,

209 2219 283 2268 rem
295 2216 517 2268 communem
531 2218 688 2284 servans,
699 2220 778 2288 quae
789 2201 855 2270 sibi
870 2201 986 2271 dotem
1000 2203 1107 2285 ducit,
1123 2223 1194 2272 non
1208 2225 1289 2292 quae

210 2315 272 2384 dos
289 2314 428 2397 dicitur,
446 2315 506 2384 sed
521 2315 673 2385 Deorum
690 2321 833 2401 metum,
854 2321 1041 2404 parentum
1059 2336 1233 2402 amorem,
1254 2326 1289 2389 et

210 2439 438 2521 cognatorum
466 2432 687 2502 concordiam
700 2427 725 2500 ⁴.
755 2432 947 2524 ConJ‘ugem
975 2432 1146 2517 efflictim,
1168 2437 1228 2505 sed
1248 2444 1289 2506 ut

210 2545 309 2616 decet
332 2550 541 2630 Romanam,
564 2547 699 2637 diligit:
722 2549 843 2617 abesse
858 2548 1048 2618 enim‘eum
1071 2547 1151 2619 lorti
1170 2549 1289 2620 animo

210 2662 353 2752 patitur,
373 2663 457 2734 dum
478 2663 581 2733 modo
600 2662 702 2732 victis
718 2663 892 2744 hostibus,
909 2664 1011 2733 laude
1024 2673 1123 2754 parta
1142 2665 1288 2736 domum

211 2781 329 2850 redeat
343 2787 378 2850 et
396 2778 504 2848 victor
521 2778 598 2847 belli
614 2777 735 2861 clueat,
753 2798 915 2868 namque,
934 2786 973 2851 ut
987 2779 1153 2868 loquitur,

531 2967 624 3028 Virtus
638 2967 784 3043 praemium
797 2969 832 3028 'st
846 2975 993 3045 optumum
997 3009 1051 3029 .....

213 3056 305 3114 Virtus
316 3054 410 3115 omnia
421 3054 450 3114 in
463 3072 493 3116 se
506 3056 604 3131 habet3
620 3056 714 3116 omnia
725 3056 827 3122 adsunt
838 3058 911 3118 bona
924 3074 1008 3133 quem
1019 3073 1105 3134 penes
1114 3064 1155 3118 est
1163 3059 1249 3119 virtus
1257 3062 1277 3118 ³.

214 3237 280 3307 Sed
307 3257 481 3326 nusquam
505 3239 697 3307 Romanam
723 3238 876 3307 indolem
899 3243 1010 3330 magis
1038 3242 1153 3325 refert,
1182 3263 1287 3332 quam

214 3372 322 3440 quum
340 3358 393 3421 est
410 3351 523 3440 stupri
543 3357 577 3420 et
594 3352 772 3422 dedecoris
793 3374 810 3423 a
829 3354 953 3423 marito
976 3355 1187 3428 insimulata.
1212 3361 1288 3428 Non

214 3470 320 3560 luget,
340 3490 453 3559 neque
466 3468 686 3552 lamentatur,
706 3479 746 3540 ut
761 3471 888 3541 assolet
899 3471 1023 3542 mulier
1035 3494 1114 3562 quae
1126 3474 1161 3542 in
1179 3474 1288 3563 suspi-

215 3587 349 3657 cionem
361 3587 466 3670 venIt,
486 3587 546 3657 sed
558 3582 738 3656 contendit
753 3593 787 3657 et
800 3587 922 3679 litigat.
939 3592 988 3659 De
1001 3590 1135 3680 sequid
1148 3591 1286 3674 sentiat,

216 3712 333 3794 aperte
355 3703 526 3794 profatur,
546 3702 793 3793 pudicitiaeque
810 3706 1050 3789 suaeconscia,
1068 3706 1287 3795 lunonisque

214 3819 336 3887 metris
352 3818 505 3908 familias
524 3818 612 3890 freta
629 3817 792 3904 auxilio⁶,
810 3822 914 3894 audet
939 3821 1154 3893 confidenter
1171 3843 1235 3913 pro
1251 3842 1288 3892 se

215 3941 249 4003 et
264 3937 424 4023 proterve
442 3935 537 4024 loqui
552 3958 558 4004 :

250 4113 259 4148 ¹
274 4113 389 4175 Stultus,
405 4114 427 4176 l,
441 4112 467 4168 Ξ.
480 4140 515 4154 -
536 4110 644 4180 ’Pet·a.,
661 4118 706 4182 lll,
724 4123 749 4174 l.
764 4146 799 4160 -
815 4116 825 4155 ⁸
839 4122 942 4184 Atran,
958 4124 1095 4188 Suspecta,
1110 4122 1136 4173 9.
1148 4119 1206 4159 -‘
1223 4119 1289 4173 Am-

213 4203 296 4273 pou„
307 4203 340 4265 u,
357 4201 456 4267 anco.
467 4201 523 4240 -⁸
537 4204 665 4274 tmpore,
681 4208 713 4271 u,
728 4209 755 4273 a,
772 4213 814 4262 re.
830 4239 864 4250 -
878 4209 889 4242 ⁶
903 4211 1032 4276 raptu,
1046 4211 1079 4273 u,
1094 4209 1121 4271 a,
1133 4210 1195 4262 ror.
