3000 5220
652 370 844 441 ...28-

211 544 246 608 at
262 539 382 608 Plauto
398 559 468 608 non
487 539 570 609 satis
586 536 652 609 luit
672 557 790 608 senem
807 556 910 607 suum
930 535 971 614 δὶς
986 537 1199 626 ἑξαπατᾱσθαις
1214 544 1285 608 tres

210 663 294 725 sunt
312 657 440 744 quihus
457 656 634 757 oppetitur
650 656 735 737 doli;
758 674 885 743 eosque
904 655 1102 746 Chrysalus
1130 654 1284 725 emuncti

210 772 369 841 Nicobuli
403 782 495 842 sorte
520 793 598 842 oum
632 774 743 862 Trojae
774 771 907 842 excidio
935 774 1068 854 collata,
1100 771 1285 863 magnifice

211 896 382 959 memorat
399 913 407 956 :

280 1101 330 1160 llio
342 1103 395 1160 tria
409 1101 492 1161 luisse
505 1101 596 1162 audiri
611 1103 677 1174 loto,
691 1119 753 1178 qua
766 1102 805 1161 illi
820 1104 912 1162 forent
924 1102 1042 1162 exitio...

281 1192 362 1251 Paria
377 1193 445 1251 item
456 1193 509 1252 trio
521 1194 561 1252 eis
575 1194 664 1252 tribus
676 1199 741 1253 sunt
751 1194 809 1252 lata
823 1202 916 1253 nostro
928 1193 1086 1253 huiclli01.

210 1397 259 1467 Ea
291 1399 398 1490 igitur
431 1421 486 1471 me
517 1402 701 1491 impellunt
729 1406 772 1472 ut
800 1400 1030 1471 versutiorem
1064 1401 1101 1470 in
1125 1402 1285 1473 Plautina

211 1513 329 1585 sabula
353 1515 460 1587 fuisse
480 1518 686 1607 Chrysalum
709 1518 877 1608 suspicer,
904 1538 1100 1607 novamque
1124 1518 1284 1588 technam

212 1631 438 1714 adstruxisse,
464 1655 532 1722 qua
563 1628 679 1716 senex,
704 1636 812 1722 probe
837 1636 910 1725 jam
937 1635 1029 1723 apud
1053 1636 1283 1705 Menandrum

211 1752 418 1841 suppilatus
439 1755 481 1822 ad
502 1760 616 1824 cutem
643 1755 892 1825 attonderetur.

261 1871 342 1938 Post
366 1877 473 1952 tanta,
501 1878 643 1959 tamque
668 1870 867 1960 frequenter
892 1869 1173 1939 commissarum
1192 1868 1285 1938 heris

211 1986 413 2068 certamina,
436 1995 555 2076 totque
583 1989 707 2058 relatas
729 1988 903 2070 victorias,
930 1987 1147 2076 triumphare
1168 2006 1284 2056 servos

210 2122 282 2171 non
298 2103 504 2184 dedecebat;
520 2122 584 2172 nec
598 2105 715 2174 minus
728 2111 780 2174 est
797 2106 940 2174 Plautus
956 2105 991 2173 in
1008 2104 1186 2192 triumpho
1200 2101 1287 2173 cllu-

212 2237 283 2300 sus,
297 2236 401 2306 quam
422 2214 489 2289 fuit
505 2238 584 2287 acer
601 2219 636 2287 in
654 2220 788 2307 proelio.
803 2221 952 2300 Lenone‚
970 2220 1005 2287 in
1019 2221 1137 2303 Porro,
1152 2219 1285 2290 devicto

212 2334 441 2423 spoliatoque,
460 2341 493 2404 et
504 2341 601 2423 rapta
618 2357 680 2424 per
694 2334 852 2404 fraudem
866 2335 1057 2417 meretrice,
1075 2352 1184 2422 quum
1200 2335 1287 2404 nihil

180 2525 183 2531 ,
211 2451 387 2521 videretur
409 2473 591 2540 superesse
617 2454 802 2543 agendum,
832 2452 898 2520 nisi
927 2458 965 2522 ut
985 2451 1156 2542 ch'oragus
1186 2470 1286 2539 spec·

213 2571 341 2636 tatores
376 2587 579 2655 supremum
608 2569 842 2657 alloqueretur
869 2576 902 2637 el
922 2568 1125 2651 dimitteret,
1145 2567 1286 2638 Toxilus

213 2685 330 2749 tamen
347 2690 380 2750 et
397 2680 583 2771 Sagaristio
604 2689 719 2749 actum
741 2686 853 2748 totum
872 2681 908 2747 in
923 2680 1129 2749 celebranda
1142 2680 1287 2749 victoria

214 2796 1286 2885 etconvivioopipareinstruendoconsumunt.Quaequamvis

214 2910 344 2982 fusiora
362 2913 444 2994 sint,
458 2912 486 2980 si
508 2914 549 2982 ad
566 2920 693 2982 rectam
715 2912 896 2982 comoediae
915 2912 1085 2982 rationem
1108 2911 1284 3000 respicias,

214 3027 366 3117 aliquam
391 3035 507 3099 tamen
534 3029 791 3100 exeusationem
815 3030 947 3099 hahent
970 3030 1081 3117 quod,
1106 3027 1222 3099 fabula
1243 3029 1288 3098 ad

214 3144 345 3215 exitum
366 3147 544 3233 perducta,
558 3154 592 3215 ot
608 3147 703 3215 omni
719 3154 817 3233 parte
835 3146 1005 3227 absoluta,
1021 3146 1157 3215 lusibus
1172 3145 1289 3216 indul-

90 3246 92 3251 *
214 3280 294 3350 gere
307 3267 341 3329 et
358 3261 524 3329 conviviis
542 3281 662 3331 vacare
679 3261 829 3348 quodam
847 3261 949 3329 modo
964 3260 1101 3330 licebat.
1122 3261 1161 3328 ln
1174 3258 1288 3329 Sticho

215 3381 343 3457 autem,
364 3395 565 3465 quanquam
589 3376 646 3445 vix
665 3376 819 3448 medium
847 3375 962 3468 attigit
985 3375 1101 3446 sabula
1122 3377 1286 3467 spatium,

215 3493 1287 3583 eaedemillaeinteroeduntservilesepulae,quaeomnemrerum

215 3611 373 3682 ordinem
389 3619 423 3682 et
442 3611 628 3682 decursum
652 3610 881 3682 confundant.
905 3610 1147 3682 Redeuntihus
1173 3609 1286 3694 enim,

214 3735 295 3818 post
327 3728 465 3819 longam
494 3733 725 3816 moestamque
758 3747 904 3798 uxorum
935 3746 1078 3798 suarum
1109 3732 1289 3814 exspecta-

216 3843 357 3925 tionem,
382 3844 574 3935 Epignomo
595 3834 917 3934 Pamn'hilippoque,
937 3863 1047 3934 quum
1069 3841 1157 3911 nihil
1177 3841 1289 3933 magis

216 3958 399 4040 decuisset,
409 3979 514 4047 quam
528 3969 567 4031 ut
577 3962 743 4052 conjuges
757 3961 823 4030 illae
839 3961 1106 4031 ostenderentur
1119 3975 1198 4027 cum
1214 3977 1288 4027 ma-

254 4173 415 4243 ¹Bocclrld.,
429 4174 472 4237 lv,
488 4176 515 4238 9,
531 4176 575 4230 29.
