3000 5220
520 389 760 503 ⁴-or-

130 599 217 686 Quae
232 599 320 669 ratio
339 599 473 670 facilior
488 604 522 671 et
540 599 734 688 expeditior
748 607 832 686 erat,
851 621 956 692 quam
975 610 1014 675 ut
1038 624 1058 676 a
1081 606 1202 678 Plauto

61 783 63 788 .
131 716 375 788 omitteretur:

236 927 303 987 Mihi
315 928 351 987 ad
364 927 551 987 enarrandum
564 927 619 987 hoe
631 935 825 1004 argumentum
837 931 873 992 'st
886 933 1012 1009 comitas,

237 1016 265 1075 Si
280 1018 315 1076 od
327 1017 538 1076 auscultandum
551 1022 643 1076 vostra
657 1018 711 1077 erit
723 1019 877 1095 benignitas
889 1027 922 1084 ¹..

235 1108 321 1168 Vobis
335 1108 455 1167 narrabo
465 1107 558 1182 potius
570 1123 646 1176 meas
659 1106 785 1169 miserias
796 1115 818 1170 ¹.

131 1312 236 1385 Omni
250 1333 316 1401 ope
332 1319 365 1383 et
380 1289 483 1401 opera
494 1311 619 1383 nititur
630 1313 881 1404 Aristophanes
895 1322 935 1386 ut
947 1315 1087 1390 festinet
1100 1319 1203 1406 actio,

132 1431 210 1503 etsi
226 1431 370 1519 paulum
388 1430 553 1522 languere
573 1431 743 1515 videatur,
764 1453 801 1503 se
819 1432 934 1522 ipsum
954 1437 1118 1510 admonet
1137 1437 1205 1509 sibi

132 1567 207 1619 esse
228 1549 502 1638 properandum,

211 1748 250 1826 εἰς
264 1763 294 1817 τὸ
305 1763 431 1851 ταχύνειν
445 1765 561 1840 χαρίτων
572 1765 677 1838 μετέχει
689 1763 814 1818 πλεῖστον
825 1765 899 1841 παρὰ
910 1772 980 1820 τοῖσι
992 1767 1098 1829 θεαταῖς
1110 1759 1133 1824 ⁸.

134 1970 260 2039 Eadem
272 1972 431 2041 Plautum
444 1989 546 2039 causa
561 1975 602 2039 ut
617 1970 791 2039 omitteret
804 1968 881 2052 alia,
893 1971 958 2040 alia
974 1971 1205 2056 contraheret,

134 2088 288 2176 impulit,
313 2096 356 2177 et¹
373 2094 483 2156 semet
502 2096 619 2175 aperte
639 2086 851 2176 increparet,
881 2088 910 2156 si
931 2089 1067 2180 longior
1091 2088 1208 2161 sabula

135 2203 273 2272 fastidia
294 2209 447 2273 moveret
460 2210 696 2292 spectatorum
716 2225 723 2272 :

240 2427 270 2483 ln
281 2440 370 2499 pauca
381 2411 487 2496 contem
502 2423 599 2483 sitiunt
610 2424 658 2498 qui
670 2424 767 2484 sedent
775 2426 796 2484 l.

136 2640 442 2709 perductatamen
467 2639 510 2708 ad
536 2638 641 2707 finem
670 2637 856 2719 comoedia,
885 2636 1153 2726 Aristophanes,
1179 2636 1208 2706 si

135 2755 274 2846 qnando
295 2754 521 2823 comissantes
548 2753 703 2835 inducit,
731 2760 941 2842 spectatores
967 2753 1089 2836 ctiam,
1113 2758 1209 2823 tanta

136 2879 189 2943 est
204 2871 311 2941 animi
331 2870 541 2961 benignitas,
563 2870 604 2939 ad
624 2867 811 2959 prandium
827 2870 974 2941 invitat:

293 3068 344 3158 ἄγε
359 3079 402 3158 db,
418 3084 521 3156 θεαταὶ,
535 3079 613 3158 δεῦρο
627 3082 861 3157 συσπλαγχνεύετε
875 3075 897 3138 ⁶.

136 3295 241 3364 Paulo
259 3292 396 3383 parcior
416 3298 468 3362 est
490 3293 648 3374 Plautus;
673 3312 794 3363 rerum
813 3312 851 3362 se
870 3312 929 3362 eos
945 3290 1051 3362 luisse
1068 3297 1211 3363 vocatu-

94 3434 96 3438 ⁴
137 3431 214 3480 rum
239 3408 423 3498 profitetur
445 3409 511 3477 nisi
533 3417 664 3476 uocatos
688 3406 733 3475 od
754 3429 883 3477 coemam
907 3408 998 3498 foros
1024 3404 1167 3476 crederet
1182 3405 1208 3491 ⁶,

137 3534 171 3599 et
186 3547 223 3599 se
238 3526 350 3598 serius
369 3525 597 3597 invitaturum
612 3525 784 3615 promittit
799 3548 806 3595 :

597 3730 625 3789 Si
640 3730 721 3788 vultis
734 3729 904 3805 adplaudere

72 3859 78 3868 -
172 3821 629 3901 atqueadprobarehuncgregem
642 3826 670 3880 et
680 3820 814 3894 fabulam,
824 3821 1012 3881 incrastinum
1021 3822 1209 3884 rosrocabot.

174 4048 285 4110 ¹Mtlos,
307 4046 341 4110 ll,
358 4059 377 4107 1,
400 4049 423 4097 l.
440 4069 477 4082 -
490 4042 501 4076 ¹
514 4047 640 4104 Mercot„
664 4044 686 4108 1,
701 4055 722 4109 1,
741 4046 767 4096 8.
787 4070 824 4082 -
838 4041 956 4110 ⁸Arist,
975 4047 1087 4108 Bootes„
1100 4031 1164 4100 582.
1176 4014 1212 4086 ὲ

137 4129 278 4196 *Ραανί.,
290 4132 321 4195 V,
339 4133 367 4194 l,
387 4132 431 4183 bl.
446 4156 482 4168 ·-
497 4129 507 4162 ⁵
521 4128 615 4191 laiso,
632 4125 714 4192 aaa,
729 4131 851 4183 iffi·-
865 4129 1011 4197 taudem,
1027 4133 1058 4197 V,
1077 4133 1105 4196 5,
1119 4130 1164 4185 ol.
1177 4158 1213 4171 ·-

137 4219 148 4254 '⁸
164 4223 272 4285 Pseud„
286 4221 318 4284 V,
334 4219 360 4281 Ξ,
376 4219 419 4270 52.
1037 4251 1041 4258 -

1062 4309 1080 4365 2
