3000 5220
655 430 871 537 fra--

261 615 396 701 ltaque,
422 632 485 682 seu
516 611 659 681 Plautus
685 609 952 699 Aristophanem
981 613 1015 677 et
1039 606 1288 695 Epicharmum

211 728 400 798 imitandos
424 728 490 797 sibi
518 727 758 816 proposuerit,
780 747 859 808 seu,
878 726 971 814 quod
988 723 1204 814 probabilius
1222 730 1286 806 est,

212 847 360 933 quadam
400 843 565 914 affinitate
596 843 728 934 ingenii
763 850 797 912 et
830 849 1025 932 temporum
1060 840 1289 910 similitudine

212 961 317 1032 luerit
337 942 510 1031 adductus
532 969 571 1031 ut
596 960 735 1031 nescius
757 981 815 1030 eos
844 937 1006 1041 referret,
1028 958 1288 1048 agnoscendum

212 1084 264 1148 est
275 1078 444 1148 nonnulla
459 1098 534 1149 esse
547 1077 583 1145 in
601 1077 676 1167 eJus
696 1074 834 1158 tabulis,
852 1095 973 1145 enova
989 1073 1160 1143 cumoedia
1173 1081 1290 1142 traus-
1331 1127 1335 1138 .

211 1195 301 1277 latis,
312 1214 391 1284 quae
407 1196 449 1265 ad
468 1195 643 1284 exemplar
661 1193 787 1265 veteris
806 1193 987 1262 comaediae
1002 1191 1193 1281 composita
1213 1210 1289 1260 esse

210 1310 404 1383 rideantur.
425 1315 498 1381 Hoc
512 1312 617 1401 prisci
636 1311 740 1382 etiam
757 1317 916 1380 auctores
932 1328 1188 1397 nonnunquam
1205 1327 1290 1376 con·

210 1426 292 1498 fessi
307 1435 368 1499 aut
383 1429 550 1518 suspicati
570 1433 673 1508 sunt;
689 1428 756 1495 bec
775 1425 840 1495 sibi
863 1427 984 1497 volunt
1002 1424 1059 1493 illa
1076 1424 1151 1494 Divi
1166 1423 1290 1493 Hiero-

211 1542 306 1632 nymi
327 1544 451 1626 verba,
475 1563 570 1631 quae,
590 1542 619 1611 si
637 1543 680 1611 ad
698 1542 843 1611 verbum
866 1541 1122 1630 acciperentur,
1145 1540 1287 1629 paulum

212 1678 231 1726 a
248 1678 330 1728 vero
350 1659 574 1729 recederent:
598 1682 615 1728 <r
633 1658 816 1728 Terentius
831 1659 1074 1739 Menandrum,
1096 1657 1239 1727 Plautus
1255 1661 1288 1727 et

214 1772 374 1844 Caecilius
390 1781 524 1845 veteres
544 1773 695 1844 comicos
711 1773 929 1862 interpretati
948 1781 1032 1843 sunt
1043 1771 1067 1843 ¹.
1087 1794 1105 1839 a

263 2596 356 2668 Nihil
382 2595 493 2686 magis
522 2616 540 2665 a
574 2596 715 2665 Graeciae
742 2597 854 2685 poetis
884 2581 1044 2669 Plautum
1080 2601 1290 2688 expressisse

216 2720 369 2798 constat,
396 2731 501 2803 quam
522 2710 720 2782 fabularum
756 2732 899 2782 suarum
931 2720 1156 2803 argumenta;
1182 2736 1291 2806 eaque

211 2812 315 2901 'erant
341 2831 426 2899 adeo
455 2849 474 2898 e
500 2829 628 2898 Graecis
655 2848 835 2917 expressa,
855 2834 895 2898 ut
912 2849 1004 2918 saepe
1023 2831 1142 2899 Romae
1173 2831 1291 2902 minus

184 3007 187 3013 .
216 2944 419 3018 convenisse
432 2944 626 3015 videantur.
637 2944 761 3036 Agitur
774 2944 867 3014 enim
883 2951 943 3015 aut
957 2945 999 3016 de
1012 2966 1121 3035 puero
1135 2967 1154 3016 a
1169 2947 1292 3036 piratis

216 3073 331 3152 rapto,
363 3061 457 3151 quod
487 3059 688 3149 frequenter
709 3061 748 3148 in
768 3059 910 3131 Graeciae
940 3060 1080 3144 insulis,
1111 3062 1224 3132 rarius
1254 3063 1291 3132 in

217 3179 365 3249 urbibus
384 3178 490 3247 ltaliae
505 3177 671 3246 accidisse
687 3198 749 3266 per
770 3198 807 3246 se
828 3185 938 3271 patet,
965 3187 1025 3248 aut
1043 3181 1084 3247 de
1104 3180 1237 3268 virgine
1254 3180 1290 3249 in

138 3345 140 3350 .
215 3293 309 3364 ludis
332 3291 482 3381 publicis
501 3291 635 3374 vitiata,
662 3312 766 3380 quam
787 3292 963 3362 licentiam
987 3296 1076 3365 bene
1100 3296 1292 3385 composita

218 3404 338 3479 civitas
358 3415 392 3478 et
411 3407 539 3478 severis
554 3407 707 3477 cohibita
722 3408 857 3500 legibus
873 3410 1052 3501 aegerrime
1070 3433 1169 3501 passa
1189 3421 1290 3482 esset.

217 3526 347 3595 Eodem
362 3523 433 3594 sere
448 3531 604 3614 tempore
620 3544 688 3612 quo
705 3526 873 3595 Plautinae
892 3526 1019 3598 fabulae
1032 3529 1068 3596 in
1086 3529 1198 3597 lucem
1211 3549 1293 3617 pro·
1405 3597 1408 3603 .

219 3642 351 3724 dibant,
371 3661 474 3730 quam
494 3641 680 3709 crudeliter
700 3642 926 3710 Bacchanalia
951 3652 1092 3712 senatus
1117 3662 1293 3732 compres-

219 3760 314 3840 serit,
333 3758 507 3827 neminem
523 3757 624 3840 latet3
646 3778 725 3846 quae
745 3778 823 3828 cum
845 3759 957 3830 vivide
973 3761 1194 3848 impugnaret
1210 3778 1293 3828 cun-

220 3873 275 3942 sul
291 3872 527 3956 Posthumius,
545 3880 579 3943 et
594 3883 764 3962 quantum
781 3875 989 3945 dissiderent
1007 3877 1050 3944 ab
1067 3875 1133 3944 hoc
1150 3883 1292 3945 externo

220 3988 315 4057 cultu
343 3990 497 4060 Romana
527 4010 625 4061 sacra
655 3992 896 4082 profiteretur,
928 3995 1017 4062 ileos
1046 3993 1197 4084 patrios,
1232 3995 1293 4081 qui

269 4213 278 4247 ¹
294 4212 380 4278 illem,
391 4217 489 4279 epact..
502 4219 548 4281 57,
562 4233 588 4282 p.
602 4219 664 4273 aba.
