<?xml version="1.0" encoding="UTF-8"?>
<!DOCTYPE html PUBLIC "-//W3C//DTD XHTML 1.0 Transitional//EN"
    "http://www.w3.org/TR/xhtml1/DTD/xhtml1-transitional.dtd">
<html xmlns="http://www.w3.org/1999/xhtml" xml:lang="en" lang="en">
 <head>
  <title>
</title>
<meta http-equiv="Content-Type" content="text/html;charset=utf-8" />
  <meta name='ocr-system' content='tesseract 3.04.00' />
  <meta name='ocr-capabilities' content='ocr_page ocr_carea ocr_par ocr_line ocrx_word'/>
</head>
<body>
  <div class='ocr_page' id='page_1' title='image "./quomodograecosp00boisgoog_0041.png"; bbox 0 0 3000 5220; ppageno 0'>
   <div class='ocr_carea' id='block_1_1' title="bbox 649 429 844 502">
    <p class='ocr_par' dir='ltr' id='par_1_1' title="bbox 649 429 844 502">
     <span class='ocr_line' id='line_1_1' title="bbox 649 429 844 502; baseline -0.01 -19"><span class='ocrx_word' id='word_1_1' title='bbox 649 429 844 502; x_wconf 74' lang='lat'><strong>..30-</strong></span> 
     </span>
    </p>
   </div>
   <div class='ocr_carea' id='block_1_2' title="bbox 207 589 1198 670">
    <p class='ocr_par' dir='ltr' id='par_1_2' title="bbox 207 589 1198 670">
     <span class='ocr_line' id='line_1_2' title="bbox 207 589 1198 670; baseline -0.008 -16"><span class='ocrx_word' id='word_1_2' title='bbox 207 593 265 655; x_wconf 82' lang='lat' dir='ltr'><strong>tovi</strong></span> <span class='ocrx_word' id='word_1_3' title='bbox 279 592 423 670; x_wconf 87' lang='lat' dir='ltr'><strong>opulento,</strong></span> <span class='ocrx_word' id='word_1_4' title='bbox 434 592 550 667; x_wconf 89' lang='lat' dir='ltr'><strong>incluto,</strong></span> <span class='ocrx_word' id='word_1_5' title='bbox 564 594 622 668; x_wconf 88' lang='lat' dir='ltr'><strong>Ope</strong></span> <span class='ocrx_word' id='word_1_6' title='bbox 631 598 725 666; x_wconf 83' lang='lat' dir='ltr'><strong>gnato,</strong></span> <span class='ocrx_word' id='word_1_7' title='bbox 739 605 881 666; x_wconf 89' lang='lat' dir='ltr'><strong>supremo,</strong></span> <span class='ocrx_word' id='word_1_8' title='bbox 898 589 1002 663; x_wconf 80' lang='lat' dir='ltr'><strong>valido,</strong></span> <span class='ocrx_word' id='word_1_9' title='bbox 1021 589 1179 666; x_wconf 84' lang='lat' dir='ltr'><strong>viripotentt</strong></span> <span class='ocrx_word' id='word_1_10' title='bbox 1191 595 1198 631; x_wconf 85' lang='lat'><strong>¹</strong></span> 
     </span>
    </p>
   </div>
   <div class='ocr_carea' id='block_1_3' title="bbox 208 785 1285 1224">
    <p class='ocr_par' dir='ltr' id='par_1_3' title="bbox 208 785 1285 1224">
     <span class='ocr_line' id='line_1_3' title="bbox 208 785 1283 879; baseline -0.002 -22"><span class='ocrx_word' id='word_1_11' title='bbox 208 786 337 879; x_wconf 80' lang='lat' dir='ltr'>gratias</span> <span class='ocrx_word' id='word_1_12' title='bbox 360 792 483 877; x_wconf 85' lang='lat' dir='ltr'><strong>agunt;</strong></span> <span class='ocrx_word' id='word_1_13' title='bbox 506 785 737 872; x_wconf 89' lang='lat' dir='ltr'><strong>lenonemque</strong></span> <span class='ocrx_word' id='word_1_14' title='bbox 761 788 964 871; x_wconf 90' lang='lat' dir='ltr'><strong>superatum</strong></span> <span class='ocrx_word' id='word_1_15' title='bbox 991 785 1025 850; x_wconf 91' lang='lat' dir='ltr'><strong>et</strong></span> <span class='ocrx_word' id='word_1_16' title='bbox 1049 791 1283 874; x_wconf 80' lang='lat' dir='ltr'><strong>expugnatam</strong></span> 
     </span>
     <span class='ocr_line' id='line_1_4' title="bbox 209 883 1283 991; baseline -0.002 -19"><span class='ocrx_word' id='word_1_17' title='bbox 209 883 425 972; x_wconf 83' lang='lat' dir='ltr'><strong>meretricem</strong></span> <span class='ocrx_word' id='word_1_18' title='bbox 450 902 496 971; x_wconf 89' lang='lat' dir='ltr'><strong>ita</strong></span> <span class='ocrx_word' id='word_1_19' title='bbox 525 900 709 991; x_wconf 87' lang='lat' dir='ltr'><strong>magnifice</strong></span> <span class='ocrx_word' id='word_1_20' title='bbox 729 899 915 980; x_wconf 90' lang='lat' dir='ltr'><strong>celebrant,</strong></span> <span class='ocrx_word' id='word_1_21' title='bbox 944 903 984 967; x_wconf 93' lang='lat' dir='ltr'><strong>ut</strong></span> <span class='ocrx_word' id='word_1_22' title='bbox 1005 897 1159 967; x_wconf 87' lang='lat' dir='ltr'><strong>consulis</strong></span> <span class='ocrx_word' id='word_1_23' title='bbox 1179 900 1283 971; x_wconf 88' lang='lat' dir='ltr'><strong>verba</strong></span> 
     </span>
     <span class='ocr_line' id='line_1_5' title="bbox 210 1001 1285 1106; baseline -0.001 -19"><span class='ocrx_word' id='word_1_24' title='bbox 210 1019 330 1089; x_wconf 86' lang='lat' dir='ltr'><strong>audire</strong></span> <span class='ocrx_word' id='word_1_25' title='bbox 347 1017 536 1100; x_wconf 90' lang='lat' dir='ltr'><strong>arbitreris,</strong></span> <span class='ocrx_word' id='word_1_26' title='bbox 557 1019 598 1087; x_wconf 93' lang='lat' dir='ltr'><strong>de</strong></span> <span class='ocrx_word' id='word_1_27' title='bbox 616 1015 702 1085; x_wconf 87' lang='lat' dir='ltr'><strong>susis</strong></span> <span class='ocrx_word' id='word_1_28' title='bbox 718 1001 915 1106; x_wconf 81' lang='lat' dir='ltr'>fugatisque</span> <span class='ocrx_word' id='word_1_29' title='bbox 937 1012 1285 1104; x_wconf 74' lang='lat' dir='ltr'><strong>Carthaginiensibus</strong></span> 
     </span>
     <span class='ocr_line' id='line_1_6' title="bbox 209 1132 714 1224; baseline -0.008 -20"><span class='ocrx_word' id='word_1_30' title='bbox 209 1155 325 1204; x_wconf 90' lang='lat' dir='ltr'><strong>coram</strong></span> <span class='ocrx_word' id='word_1_31' title='bbox 342 1135 471 1224; x_wconf 89' lang='lat' dir='ltr'><strong>populo</strong></span> <span class='ocrx_word' id='word_1_32' title='bbox 487 1132 714 1204; x_wconf 83' lang='lat' dir='ltr'><strong>exsultantis:</strong></span> 
     </span>
    </p>
   </div>
   <div class='ocr_carea' id='block_1_4' title="bbox 208 1330 1284 1677">
    <p class='ocr_par' dir='ltr' id='par_1_4' title="bbox 208 1330 1126 1411">
     <span class='ocr_line' id='line_1_7' title="bbox 208 1330 1126 1411; baseline -0.009 -12"><span class='ocrx_word' id='word_1_33' title='bbox 208 1338 336 1399; x_wconf 86' lang='lat' dir='ltr'><strong>Hostibus</strong></span> <span class='ocrx_word' id='word_1_34' title='bbox 349 1338 439 1411; x_wconf 84' lang='lat' dir='ltr'><strong>vietis,</strong></span> <span class='ocrx_word' id='word_1_35' title='bbox 457 1334 665 1407; x_wconf 86' lang='lat' dir='ltr'><strong>civibussalris,</strong></span> <span class='ocrx_word' id='word_1_36' title='bbox 680 1350 710 1392; x_wconf 94' lang='lat' dir='ltr'><strong>re</strong></span> <span class='ocrx_word' id='word_1_37' title='bbox 724 1331 843 1407; x_wconf 80' lang='lat' dir='ltr'><strong>placida,</strong></span> <span class='ocrx_word' id='word_1_38' title='bbox 859 1331 975 1406; x_wconf 88' lang='lat' dir='ltr'><strong>pacibus</strong></span> <span class='ocrx_word' id='word_1_39' title='bbox 985 1330 1126 1406; x_wconf 82' lang='lat' dir='ltr'><strong>perfectis,</strong></span> 
     </span>
    </p>

    <p class='ocr_par' dir='ltr' id='par_1_5' title="bbox 209 1420 1138 1500">
     <span class='ocr_line' id='line_1_8' title="bbox 209 1420 1138 1500; baseline -0.009 -13"><span class='ocrx_word' id='word_1_40' title='bbox 209 1427 305 1487; x_wconf 86' lang='lat' dir='ltr'><strong>buelio</strong></span> <span class='ocrx_word' id='word_1_41' title='bbox 320 1426 463 1500; x_wconf 84' lang='lat' dir='ltr'><strong>exstincto,</strong></span> <span class='ocrx_word' id='word_1_42' title='bbox 479 1442 508 1484; x_wconf 93' lang='lat' dir='ltr'><strong>re</strong></span> <span class='ocrx_word' id='word_1_43' title='bbox 522 1426 591 1484; x_wconf 89' lang='lat' dir='ltr'><strong>bene</strong></span> <span class='ocrx_word' id='word_1_44' title='bbox 602 1433 689 1497; x_wconf 83' lang='lat' dir='ltr'><strong>gesta,</strong></span> <span class='ocrx_word' id='word_1_45' title='bbox 702 1422 810 1495; x_wconf 84' lang='lat' dir='ltr'><strong>integro</strong></span> <span class='ocrx_word' id='word_1_46' title='bbox 822 1420 942 1479; x_wconf 83' lang='lat' dir='ltr'><strong>exercitu</strong></span> <span class='ocrx_word' id='word_1_47' title='bbox 954 1427 983 1479; x_wconf 93' lang='lat' dir='ltr'><strong>et</strong></span> <span class='ocrx_word' id='word_1_48' title='bbox 996 1421 1138 1494; x_wconf 68' lang='lat' dir='ltr'><strong>praesidiis,</strong></span> 
     </span>
    </p>

    <p class='ocr_par' dir='ltr' id='par_1_6' title="bbox 208 1509 1284 1677">
     <span class='ocr_line' id='line_1_9' title="bbox 208 1509 1179 1588; baseline -0.008 -12"><span class='ocrx_word' id='word_1_49' title='bbox 208 1519 299 1588; x_wconf 86' lang='lat' dir='ltr'><strong>Quum</strong></span> <span class='ocrx_word' id='word_1_50' title='bbox 313 1515 384 1574; x_wconf 85' lang='lat' dir='ltr'><strong>bene</strong></span> <span class='ocrx_word' id='word_1_51' title='bbox 396 1532 457 1587; x_wconf 90' lang='lat' dir='ltr'><strong>nos,</strong></span> <span class='ocrx_word' id='word_1_52' title='bbox 469 1515 585 1588; x_wconf 78' lang='lat' dir='ltr'><strong>Jupiter,</strong></span> <span class='ocrx_word' id='word_1_53' title='bbox 599 1511 703 1587; x_wconf 82' lang='lat' dir='ltr'><strong>J&#39;uvisti,</strong></span> <span class='ocrx_word' id='word_1_54' title='bbox 716 1511 801 1585; x_wconf 86' lang='lat' dir='ltr'><strong>dique</strong></span> <span class='ocrx_word' id='word_1_55' title='bbox 813 1509 860 1568; x_wconf 87' lang='lat' dir='ltr'><strong>aiii</strong></span> <span class='ocrx_word' id='word_1_56' title='bbox 869 1526 966 1568; x_wconf 89' lang='lat' dir='ltr'><strong>omnes</strong></span> <span class='ocrx_word' id='word_1_57' title='bbox 978 1509 1179 1586; x_wconf 87' lang='lat' dir='ltr'><strong>coelipotentes,</strong></span> 
     </span>
     <span class='ocr_line' id='line_1_10' title="bbox 209 1598 1284 1677; baseline -0.005 -15"><span class='ocrx_word' id='word_1_58' title='bbox 209 1599 767 1677; x_wconf 71' lang='lat' dir='ltr'><strong>barobisgratesbabeo,atqueago,quia</strong></span> <span class='ocrx_word' id='word_1_59' title='bbox 775 1598 860 1674; x_wconf 92' lang='lat' dir='ltr'><strong>probe</strong></span> <span class='ocrx_word' id='word_1_60' title='bbox 870 1598 1284 1659; x_wconf 71' lang='lat' dir='ltr'><strong>sumultusmeumirrirnicuw.</strong></span> 
     </span>
    </p>
   </div>
   <div class='ocr_carea' id='block_1_5' title="bbox 192 1791 1348 2580">
    <p class='ocr_par' dir='ltr' id='par_1_7' title="bbox 192 1791 1348 2580">
     <span class='ocr_line' id='line_1_11' title="bbox 210 1791 1285 1883; baseline -0.003 -19"><span class='ocrx_word' id='word_1_61' title='bbox 210 1795 282 1864; x_wconf 90' lang='lat' dir='ltr'><strong>Etsi</strong></span> <span class='ocrx_word' id='word_1_62' title='bbox 306 1795 422 1864; x_wconf 91' lang='lat' dir='ltr'><strong>omnia</strong></span> <span class='ocrx_word' id='word_1_63' title='bbox 451 1795 525 1865; x_wconf 87' lang='lat' dir='ltr'><strong>baec</strong></span> <span class='ocrx_word' id='word_1_64' title='bbox 547 1816 565 1865; x_wconf 89' lang='lat' dir='ltr'><strong>e</strong></span> <span class='ocrx_word' id='word_1_65' title='bbox 585 1794 714 1866; x_wconf 88' lang='lat' dir='ltr'><strong>Graecis</strong></span> <span class='ocrx_word' id='word_1_66' title='bbox 741 1812 811 1862; x_wconf 89' lang='lat' dir='ltr'><strong>non</strong></span> <span class='ocrx_word' id='word_1_67' title='bbox 841 1794 967 1863; x_wconf 91' lang='lat' dir='ltr'><strong>ducere</strong></span> <span class='ocrx_word' id='word_1_68' title='bbox 995 1791 1165 1883; x_wconf 90' lang='lat' dir='ltr'><strong>originem</strong></span> <span class='ocrx_word' id='word_1_69' title='bbox 1192 1797 1285 1863; x_wconf 89' lang='lat' dir='ltr'><strong>certo</strong></span> 
     </span>
     <span class='ocr_line' id='line_1_12' title="bbox 192 1907 1285 1998; baseline -0.003 -19"><span class='ocrx_word' id='word_1_70' title='bbox 192 1924 194 1929; x_wconf 84' lang='grc'><strong>’</strong></span> <span class='ocrx_word' id='word_1_71' title='bbox 211 1910 409 1981; x_wconf 80' lang='lat' dir='ltr'><strong>criticorum</strong></span> <span class='ocrx_word' id='word_1_72' title='bbox 424 1910 624 1981; x_wconf 87' lang='lat' dir='ltr'><strong>testimonio</strong></span> <span class='ocrx_word' id='word_1_73' title='bbox 637 1910 776 1981; x_wconf 88' lang='lat' dir='ltr'><strong>vincere</strong></span> <span class='ocrx_word' id='word_1_74' title='bbox 793 1929 863 1979; x_wconf 92' lang='lat' dir='ltr'><strong>non</strong></span> <span class='ocrx_word' id='word_1_75' title='bbox 881 1908 1022 1998; x_wconf 91' lang='lat' dir='ltr'><strong>possim,</strong></span> <span class='ocrx_word' id='word_1_76' title='bbox 1041 1909 1163 1997; x_wconf 88' lang='lat' dir='ltr'><strong>procui</strong></span> <span class='ocrx_word' id='word_1_77' title='bbox 1177 1907 1285 1978; x_wconf 92' lang='lat' dir='ltr'><strong>dubio</strong></span> 
     </span>
     <span class='ocr_line' id='line_1_13' title="bbox 212 2023 1287 2116; baseline -0.002 -20"><span class='ocrx_word' id='word_1_78' title='bbox 212 2033 326 2097; x_wconf 89' lang='lat' dir='ltr'><strong>tamen</strong></span> <span class='ocrx_word' id='word_1_79' title='bbox 346 2026 579 2098; x_wconf 88' lang='lat' dir='ltr'><strong>rnihividetur</strong></span> <span class='ocrx_word' id='word_1_80' title='bbox 596 2028 681 2116; x_wconf 92' lang='lat' dir='ltr'><strong>quin</strong></span> <span class='ocrx_word' id='word_1_81' title='bbox 702 2027 758 2096; x_wconf 91' lang='lat' dir='ltr'><strong>hic</strong></span> <span class='ocrx_word' id='word_1_82' title='bbox 779 2028 878 2115; x_wconf 90' lang='lat' dir='ltr'><strong>plura</strong></span> <span class='ocrx_word' id='word_1_83' title='bbox 894 2027 935 2095; x_wconf 91' lang='lat' dir='ltr'><strong>de</strong></span> <span class='ocrx_word' id='word_1_84' title='bbox 953 2045 1017 2095; x_wconf 90' lang='lat' dir='ltr'><strong>suo</strong></span> <span class='ocrx_word' id='word_1_85' title='bbox 1036 2026 1177 2096; x_wconf 91' lang='lat' dir='ltr'><strong>Plautus</strong></span> <span class='ocrx_word' id='word_1_86' title='bbox 1189 2023 1287 2094; x_wconf 90' lang='lat' dir='ltr'><strong>inve-</strong></span> 
     </span>
     <span class='ocr_line' id='line_1_14' title="bbox 212 2142 1285 2231; baseline -0.002 -19"><span class='ocrx_word' id='word_1_87' title='bbox 212 2142 313 2225; x_wconf 93' lang='lat' dir='ltr'><strong>nerit,</strong></span> <span class='ocrx_word' id='word_1_88' title='bbox 329 2162 432 2230; x_wconf 86' lang='lat' dir='ltr'><strong>quarn</strong></span> <span class='ocrx_word' id='word_1_89' title='bbox 444 2163 521 2231; x_wconf 90' lang='lat' dir='ltr'><strong>quae</strong></span> <span class='ocrx_word' id='word_1_90' title='bbox 537 2145 579 2213; x_wconf 92' lang='lat' dir='ltr'><strong>de</strong></span> <span class='ocrx_word' id='word_1_91' title='bbox 593 2144 784 2212; x_wconf 91' lang='lat' dir='ltr'><strong>Menandro</strong></span> <span class='ocrx_word' id='word_1_92' title='bbox 800 2142 1008 2231; x_wconf 85' lang='lat' dir='ltr'><strong>Dipbiioque</strong></span> <span class='ocrx_word' id='word_1_93' title='bbox 1025 2149 1205 2212; x_wconf 88' lang='lat' dir='ltr'><strong>mutuatus</strong></span> <span class='ocrx_word' id='word_1_94' title='bbox 1221 2146 1285 2211; x_wconf 89' lang='lat' dir='ltr'><strong>est.</strong></span> 
     </span>
     <span class='ocr_line' id='line_1_15' title="bbox 212 2255 1348 2348; baseline 0 -21"><span class='ocrx_word' id='word_1_95' title='bbox 212 2261 380 2330; x_wconf 88' lang='lat' dir='ltr'><strong>Praeterea</strong></span> <span class='ocrx_word' id='word_1_96' title='bbox 394 2260 498 2348; x_wconf 94' lang='lat' dir='ltr'><strong>quod,</strong></span> <span class='ocrx_word' id='word_1_97' title='bbox 514 2266 552 2329; x_wconf 89' lang='lat' dir='ltr'><strong>ut</strong></span> <span class='ocrx_word' id='word_1_98' title='bbox 565 2255 766 2348; x_wconf 88' lang='lat' dir='ltr'><strong>supradixi,</strong></span> <span class='ocrx_word' id='word_1_99' title='bbox 782 2257 932 2326; x_wconf 88' lang='lat' dir='ltr'><strong>iliacum</strong></span> <span class='ocrx_word' id='word_1_100' title='bbox 949 2265 1155 2346; x_wconf 88' lang='lat' dir='ltr'><strong>argumento</strong></span> <span class='ocrx_word' id='word_1_101' title='bbox 1169 2257 1288 2328; x_wconf 91' lang='lat' dir='ltr'><strong>minus</strong></span> <span class='ocrx_word' id='word_1_102' title='bbox 1345 2299 1348 2303; x_wconf 90' lang='lat'>-</span> 
     </span>
     <span class='ocr_line' id='line_1_16' title="bbox 212 2373 1289 2467; baseline -0.004 -22"><span class='ocrx_word' id='word_1_103' title='bbox 212 2382 417 2467; x_wconf 87' lang='lat' dir='ltr'><strong>congruant,</strong></span> <span class='ocrx_word' id='word_1_104' title='bbox 434 2388 468 2446; x_wconf 93' lang='lat' dir='ltr'><strong>et</strong></span> <span class='ocrx_word' id='word_1_105' title='bbox 494 2375 544 2445; x_wconf 91' lang='lat' dir='ltr'><strong>sic</strong></span> <span class='ocrx_word' id='word_1_106' title='bbox 567 2396 642 2446; x_wconf 89' lang='lat' dir='ltr'><strong>esse</strong></span> <span class='ocrx_word' id='word_1_107' title='bbox 670 2374 785 2444; x_wconf 86' lang='lat' dir='ltr'><strong>addita</strong></span> <span class='ocrx_word' id='word_1_108' title='bbox 812 2380 846 2443; x_wconf 92' lang='lat' dir='ltr'><strong>et</strong></span> <span class='ocrx_word' id='word_1_109' title='bbox 869 2393 931 2463; x_wconf 93' lang='lat' dir='ltr'><strong>per</strong></span> <span class='ocrx_word' id='word_1_110' title='bbox 950 2392 1128 2442; x_wconf 90' lang='lat' dir='ltr'><strong>accessum</strong></span> <span class='ocrx_word' id='word_1_111' title='bbox 1151 2373 1289 2458; x_wconf 82' lang='lat' dir='ltr'><strong>venisse</strong></span> 
     </span>
     <span class='ocr_line' id='line_1_17' title="bbox 213 2488 1285 2580; baseline 0.001 -20"><span class='ocrx_word' id='word_1_112' title='bbox 213 2491 431 2573; x_wconf 90' lang='lat' dir='ltr'><strong>denuntient,</strong></span> <span class='ocrx_word' id='word_1_113' title='bbox 446 2512 510 2561; x_wconf 91' lang='lat' dir='ltr'><strong>neo</strong></span> <span class='ocrx_word' id='word_1_114' title='bbox 526 2513 597 2562; x_wconf 91' lang='lat' dir='ltr'><strong>non</strong></span> <span class='ocrx_word' id='word_1_115' title='bbox 611 2492 755 2561; x_wconf 88' lang='lat' dir='ltr'><strong>clariore</strong></span> <span class='ocrx_word' id='word_1_116' title='bbox 770 2510 1026 2579; x_wconf 93' lang='lat' dir='ltr'><strong>nonnunquam</strong></span> <span class='ocrx_word' id='word_1_117' title='bbox 1039 2491 1116 2560; x_wconf 91' lang='lat' dir='ltr'><strong>luce</strong></span> <span class='ocrx_word' id='word_1_118' title='bbox 1133 2488 1285 2580; x_wconf 82' lang='lat' dir='ltr'><strong>perfusa,</strong></span> 
     </span>
    </p>
   </div>
   <div class='ocr_carea' id='block_1_6' title="bbox 213 2606 1291 4076">
    <p class='ocr_par' dir='ltr' id='par_1_8' title="bbox 213 2606 1291 4076">
     <span class='ocr_line' id='line_1_18' title="bbox 213 2606 1288 2695; baseline 0 -20"><span class='ocrx_word' id='word_1_119' title='bbox 213 2606 296 2675; x_wconf 93' lang='lat' dir='ltr'><strong>dum</strong></span> <span class='ocrx_word' id='word_1_120' title='bbox 310 2606 374 2674; x_wconf 89' lang='lat' dir='ltr'><strong>alia</strong></span> <span class='ocrx_word' id='word_1_121' title='bbox 391 2606 530 2695; x_wconf 91' lang='lat' dir='ltr'><strong>parcius</strong></span> <span class='ocrx_word' id='word_1_122' title='bbox 545 2613 690 2675; x_wconf 90' lang='lat' dir='ltr'><strong>tractata</strong></span> <span class='ocrx_word' id='word_1_123' title='bbox 706 2607 783 2693; x_wconf 87' lang='lat' dir='ltr'><strong>pius</strong></span> <span class='ocrx_word' id='word_1_124' title='bbox 797 2626 896 2693; x_wconf 88' lang='lat' dir='ltr'><strong>aequo</strong></span> <span class='ocrx_word' id='word_1_125' title='bbox 912 2608 1179 2688; x_wconf 87' lang='lat' dir='ltr'><strong>obumbrantur,</strong></span> <span class='ocrx_word' id='word_1_126' title='bbox 1197 2607 1288 2675; x_wconf 89' lang='lat' dir='ltr'><strong>banc</strong></span> 
     </span>
     <span class='ocr_line' id='line_1_19' title="bbox 214 2720 1290 2810; baseline -0.001 -19"><span class='ocrx_word' id='word_1_127' title='bbox 214 2723 411 2791; x_wconf 86' lang='lat' dir='ltr'><strong>Graecorum</strong></span> <span class='ocrx_word' id='word_1_128' title='bbox 438 2729 619 2810; x_wconf 88' lang='lat' dir='ltr'><strong>poetarum</strong></span> <span class='ocrx_word' id='word_1_129' title='bbox 645 2721 748 2791; x_wconf 90' lang='lat' dir='ltr'><strong>toties</strong></span> <span class='ocrx_word' id='word_1_130' title='bbox 768 2721 942 2789; x_wconf 88' lang='lat' dir='ltr'><strong>laudatam</strong></span> <span class='ocrx_word' id='word_1_131' title='bbox 958 2721 1117 2809; x_wconf 87' lang='lat' dir='ltr'><strong>peritiam</strong></span> <span class='ocrx_word' id='word_1_132' title='bbox 1140 2720 1290 2791; x_wconf 86' lang='lat' dir='ltr'><strong>eximiae-</strong></span> 
     </span>
     <span class='ocr_line' id='line_1_20' title="bbox 214 2836 1287 2926; baseline -0.002 -19"><span class='ocrx_word' id='word_1_133' title='bbox 214 2858 281 2926; x_wconf 90' lang='lat' dir='ltr'><strong>que</strong></span> <span class='ocrx_word' id='word_1_134' title='bbox 301 2838 385 2907; x_wconf 90' lang='lat' dir='ltr'><strong>artis</strong></span> <span class='ocrx_word' id='word_1_135' title='bbox 407 2836 534 2907; x_wconf 86' lang='lat' dir='ltr'><strong>samam</strong></span> <span class='ocrx_word' id='word_1_136' title='bbox 555 2839 643 2907; x_wconf 91' lang='lat' dir='ltr'><strong>male</strong></span> <span class='ocrx_word' id='word_1_137' title='bbox 664 2836 871 2920; x_wconf 83' lang='lat' dir='ltr'><strong>sustineant,</strong></span> <span class='ocrx_word' id='word_1_138' title='bbox 896 2837 998 2920; x_wconf 91' lang='lat' dir='ltr'><strong>inest,</strong></span> <span class='ocrx_word' id='word_1_139' title='bbox 1025 2837 1092 2906; x_wconf 92' lang='lat' dir='ltr'><strong>nisi</strong></span> <span class='ocrx_word' id='word_1_140' title='bbox 1120 2837 1230 2919; x_wconf 86' lang='lat' dir='ltr'><strong>fallor,</strong></span> <span class='ocrx_word' id='word_1_141' title='bbox 1251 2838 1287 2906; x_wconf 94' lang='lat' dir='ltr'><strong>in</strong></span> 
     </span>
     <span class='ocr_line' id='line_1_21' title="bbox 215 2952 1288 3043; baseline 0.001 -20"><span class='ocrx_word' id='word_1_142' title='bbox 215 2952 264 3023; x_wconf 88' lang='lat' dir='ltr'><strong>eis</strong></span> <span class='ocrx_word' id='word_1_143' title='bbox 299 2952 458 3042; x_wconf 86' lang='lat' dir='ltr'><strong>quaedam</strong></span> <span class='ocrx_word' id='word_1_144' title='bbox 483 2953 535 3022; x_wconf 90' lang='lat' dir='ltr'><strong>vis</strong></span> <span class='ocrx_word' id='word_1_145' title='bbox 557 2953 748 3043; x_wconf 90' lang='lat' dir='ltr'><strong>virtusque,</strong></span> <span class='ocrx_word' id='word_1_146' title='bbox 773 2973 851 3041; x_wconf 86' lang='lat' dir='ltr'><strong>quae</strong></span> <span class='ocrx_word' id='word_1_147' title='bbox 880 2954 1056 3024; x_wconf 87' lang='lat' dir='ltr'><strong>translatis</strong></span> <span class='ocrx_word' id='word_1_148' title='bbox 1082 2964 1117 3025; x_wconf 92' lang='lat' dir='ltr'><strong>et</strong></span> <span class='ocrx_word' id='word_1_149' title='bbox 1148 2955 1288 3024; x_wconf 88' lang='lat' dir='ltr'><strong>aliunde</strong></span> 
     </span>
     <span class='ocr_line' id='line_1_22' title="bbox 214 3069 1288 3161; baseline -0.001 -21"><span class='ocrx_word' id='word_1_150' title='bbox 214 3069 407 3158; x_wconf 85' lang='lat' dir='ltr'><strong>desumptis</strong></span> <span class='ocrx_word' id='word_1_151' title='bbox 423 3070 629 3161; x_wconf 93' lang='lat' dir='ltr'><strong>plerumque</strong></span> <span class='ocrx_word' id='word_1_152' title='bbox 647 3071 739 3154; x_wconf 87' lang='lat' dir='ltr'><strong>defit,</strong></span> <span class='ocrx_word' id='word_1_153' title='bbox 753 3091 816 3140; x_wconf 91' lang='lat' dir='ltr'><strong>neo</strong></span> <span class='ocrx_word' id='word_1_154' title='bbox 832 3070 897 3140; x_wconf 90' lang='lat' dir='ltr'><strong>nisi</strong></span> <span class='ocrx_word' id='word_1_155' title='bbox 918 3073 1132 3142; x_wconf 84' lang='lat' dir='ltr'><strong>carminibus</strong></span> <span class='ocrx_word' id='word_1_156' title='bbox 1150 3069 1288 3141; x_wconf 87' lang='lat' dir='ltr'><strong>iniundi</strong></span> 
     </span>
     <span class='ocr_line' id='line_1_23' title="bbox 215 3186 1289 3275; baseline 0.003 -21"><span class='ocrx_word' id='word_1_157' title='bbox 215 3186 302 3255; x_wconf 90' lang='lat' dir='ltr'><strong>solet</strong></span> <span class='ocrx_word' id='word_1_158' title='bbox 317 3207 395 3275; x_wconf 85' lang='lat' dir='ltr'><strong>quae</strong></span> <span class='ocrx_word' id='word_1_159' title='bbox 411 3209 452 3256; x_wconf 84' lang='lat' dir='ltr'><strong>ex</strong></span> <span class='ocrx_word' id='word_1_160' title='bbox 464 3187 573 3256; x_wconf 88' lang='lat' dir='ltr'><strong>libero</strong></span> <span class='ocrx_word' id='word_1_161' title='bbox 591 3195 701 3274; x_wconf 84' lang='lat' dir='ltr'><strong>poetae</strong></span> <span class='ocrx_word' id='word_1_162' title='bbox 714 3187 865 3274; x_wconf 88' lang='lat' dir='ltr'><strong>ingenio,</strong></span> <span class='ocrx_word' id='word_1_163' title='bbox 886 3186 1023 3257; x_wconf 86' lang='lat' dir='ltr'><strong>afflante</strong></span> <span class='ocrx_word' id='word_1_164' title='bbox 1040 3189 1148 3269; x_wconf 86' lang='lat' dir='ltr'><strong>Musa,</strong></span> <span class='ocrx_word' id='word_1_165' title='bbox 1165 3192 1289 3275; x_wconf 91' lang='lat' dir='ltr'><strong>sponte</strong></span> 
     </span>
     <span class='ocr_line' id='line_1_24' title="bbox 215 3300 1289 3389; baseline 0.003 -21"><span class='ocrx_word' id='word_1_166' title='bbox 215 3308 296 3368; x_wconf 86' lang='lat' dir='ltr'><strong>nata</strong></span> <span class='ocrx_word' id='word_1_167' title='bbox 322 3307 415 3369; x_wconf 85' lang='lat' dir='ltr'><strong>sunt.</strong></span> <span class='ocrx_word' id='word_1_168' title='bbox 446 3301 552 3368; x_wconf 89' lang='lat' dir='ltr'><strong>Nemo</strong></span> <span class='ocrx_word' id='word_1_169' title='bbox 579 3318 735 3388; x_wconf 90' lang='lat' dir='ltr'><strong>unquam</strong></span> <span class='ocrx_word' id='word_1_170' title='bbox 763 3300 873 3389; x_wconf 90' lang='lat' dir='ltr'><strong>magis</strong></span> <span class='ocrx_word' id='word_1_171' title='bbox 899 3320 1004 3388; x_wconf 90' lang='lat' dir='ltr'><strong>quam</strong></span> <span class='ocrx_word' id='word_1_172' title='bbox 1029 3302 1172 3372; x_wconf 89' lang='lat' dir='ltr'><strong>Plautus</strong></span> <span class='ocrx_word' id='word_1_173' title='bbox 1198 3301 1289 3371; x_wconf 88' lang='lat' dir='ltr'><strong>hanc</strong></span> 
     </span>
     <span class='ocr_line' id='line_1_25' title="bbox 216 3414 1288 3504; baseline 0.004 -20"><span class='ocrx_word' id='word_1_174' title='bbox 216 3414 383 3485; x_wconf 82' lang='lat' dir='ltr'><strong>cornisam</strong></span> <span class='ocrx_word' id='word_1_175' title='bbox 401 3415 563 3485; x_wconf 91' lang='lat' dir='ltr'><strong>virtutem</strong></span> <span class='ocrx_word' id='word_1_176' title='bbox 581 3415 724 3485; x_wconf 91' lang='lat' dir='ltr'><strong>sortitus</strong></span> <span class='ocrx_word' id='word_1_177' title='bbox 742 3423 804 3498; x_wconf 89' lang='lat' dir='ltr'><strong>est,</strong></span> <span class='ocrx_word' id='word_1_178' title='bbox 821 3435 900 3504; x_wconf 87' lang='lat' dir='ltr'><strong>quae</strong></span> <span class='ocrx_word' id='word_1_179' title='bbox 918 3415 954 3485; x_wconf 93' lang='lat' dir='ltr'><strong>in</strong></span> <span class='ocrx_word' id='word_1_180' title='bbox 973 3419 1133 3489; x_wconf 88' lang='lat' dir='ltr'><strong>Terentio</strong></span> <span class='ocrx_word' id='word_1_181' title='bbox 1152 3426 1288 3490; x_wconf 91' lang='lat' dir='ltr'><strong>tantum</strong></span> 
     </span>
     <span class='ocr_line' id='line_1_26' title="bbox 216 3531 1289 3626; baseline 0.004 -26"><span class='ocrx_word' id='word_1_182' title='bbox 216 3551 234 3600; x_wconf 88' lang='lat' dir='ltr'><strong>a</strong></span> <span class='ocrx_word' id='word_1_183' title='bbox 271 3531 406 3602; x_wconf 85' lang='lat' dir='ltr'><strong>Caesare</strong></span> <span class='ocrx_word' id='word_1_184' title='bbox 443 3533 722 3613; x_wconf 89' lang='lat' dir='ltr'><strong>desiderabatur;</strong></span> <span class='ocrx_word' id='word_1_185' title='bbox 754 3552 862 3620; x_wconf 89' lang='lat' dir='ltr'><strong>eaque</strong></span> <span class='ocrx_word' id='word_1_186' title='bbox 889 3533 1103 3626; x_wconf 88' lang='lat' dir='ltr'><strong>benignioris</strong></span> <span class='ocrx_word' id='word_1_187' title='bbox 1138 3536 1289 3623; x_wconf 91' lang='lat' dir='ltr'><strong>quodam</strong></span> 
     </span>
     <span class='ocr_line' id='line_1_27' title="bbox 216 3647 1290 3740; baseline 0.006 -24"><span class='ocrx_word' id='word_1_188' title='bbox 216 3653 350 3718; x_wconf 89' lang='lat' dir='ltr'><strong>naturae</strong></span> <span class='ocrx_word' id='word_1_189' title='bbox 364 3669 508 3720; x_wconf 91' lang='lat' dir='ltr'><strong>munere</strong></span> <span class='ocrx_word' id='word_1_190' title='bbox 524 3649 608 3719; x_wconf 90' lang='lat' dir='ltr'><strong>adeo</strong></span> <span class='ocrx_word' id='word_1_191' title='bbox 624 3648 654 3718; x_wconf 93' lang='lat' dir='ltr'><strong>ei</strong></span> <span class='ocrx_word' id='word_1_192' title='bbox 672 3647 853 3738; x_wconf 81' lang='lat' dir='ltr'><strong>obtigerat,</strong></span> <span class='ocrx_word' id='word_1_193' title='bbox 870 3658 910 3720; x_wconf 91' lang='lat' dir='ltr'><strong>ut</strong></span> <span class='ocrx_word' id='word_1_194' title='bbox 920 3671 1011 3740; x_wconf 88' lang='lat' dir='ltr'><strong>saepe</strong></span> <span class='ocrx_word' id='word_1_195' title='bbox 1025 3651 1140 3722; x_wconf 91' lang='lat' dir='ltr'><strong>nescia</strong></span> <span class='ocrx_word' id='word_1_196' title='bbox 1158 3661 1290 3740; x_wconf 89' lang='lat' dir='ltr'><strong>tempe·</strong></span> 
     </span>
     <span class='ocr_line' id='line_1_28' title="bbox 217 3764 1289 3857; baseline 0.006 -25"><span class='ocrx_word' id='word_1_197' title='bbox 217 3764 297 3848; x_wconf 89' lang='lat' dir='ltr'><strong>rari,</strong></span> <span class='ocrx_word' id='word_1_198' title='bbox 317 3765 371 3836; x_wconf 94' lang='lat' dir='ltr'><strong>sui</strong></span> <span class='ocrx_word' id='word_1_199' title='bbox 390 3769 574 3856; x_wconf 90' lang='lat' dir='ltr'><strong>impotens,</strong></span> <span class='ocrx_word' id='word_1_200' title='bbox 588 3764 829 3853; x_wconf 90' lang='lat' dir='ltr'><strong>uberiorisque</strong></span> <span class='ocrx_word' id='word_1_201' title='bbox 847 3766 976 3857; x_wconf 91' lang='lat' dir='ltr'><strong>ingenii</strong></span> <span class='ocrx_word' id='word_1_202' title='bbox 994 3769 1093 3857; x_wconf 92' lang='lat' dir='ltr'><strong>copia</strong></span> <span class='ocrx_word' id='word_1_203' title='bbox 1112 3776 1145 3838; x_wconf 91' lang='lat' dir='ltr'><strong>et</strong></span> <span class='ocrx_word' id='word_1_204' title='bbox 1159 3769 1289 3857; x_wconf 90' lang='lat' dir='ltr'><strong>impetu</strong></span> 
     </span>
     <span class='ocr_line' id='line_1_29' title="bbox 217 3881 1291 3978; baseline 0.001 -29"><span class='ocrx_word' id='word_1_205' title='bbox 217 3881 316 3968; x_wconf 86' lang='lat' dir='ltr'><strong>quasi</strong></span> <span class='ocrx_word' id='word_1_206' title='bbox 329 3884 484 3973; x_wconf 88' lang='lat' dir='ltr'><strong>abrepta,</strong></span> <span class='ocrx_word' id='word_1_207' title='bbox 496 3882 858 3972; x_wconf 87' lang='lat' dir='ltr'><strong>sinelegevagaretur,</strong></span> <span class='ocrx_word' id='word_1_208' title='bbox 876 3890 909 3953; x_wconf 88' lang='lat' dir='ltr'><strong>et</strong></span> <span class='ocrx_word' id='word_1_209' title='bbox 927 3884 1084 3973; x_wconf 89' lang='lat' dir='ltr'><strong>procula</strong></span> <span class='ocrx_word' id='word_1_210' title='bbox 1099 3884 1172 3978; x_wconf 78' lang='lat' dir='ltr'><strong>yeri</strong></span> <span class='ocrx_word' id='word_1_211' title='bbox 1193 3883 1291 3952; x_wconf 89' lang='lat' dir='ltr'><strong>simi-</strong></span> 
     </span>
     <span class='ocr_line' id='line_1_30' title="bbox 216 3991 1288 4076; baseline 0.005 -17"><span class='ocrx_word' id='word_1_212' title='bbox 216 3991 365 4065; x_wconf 89' lang='lat' dir='ltr'><strong>litudine</strong></span> <span class='ocrx_word' id='word_1_213' title='bbox 391 4015 428 4065; x_wconf 92' lang='lat' dir='ltr'><strong>se</strong></span> <span class='ocrx_word' id='word_1_214' title='bbox 457 3995 618 4066; x_wconf 90' lang='lat' dir='ltr'><strong>licentius</strong></span> <span class='ocrx_word' id='word_1_215' title='bbox 642 3992 844 4076; x_wconf 85' lang='lat' dir='ltr'><strong>effunderet,</strong></span> <span class='ocrx_word' id='word_1_216' title='bbox 867 3996 995 4066; x_wconf 91' lang='lat' dir='ltr'><strong>nedum</strong></span> <span class='ocrx_word' id='word_1_217' title='bbox 1019 3996 1109 4066; x_wconf 87' lang='lat' dir='ltr'><strong>intra</strong></span> <span class='ocrx_word' id='word_1_218' title='bbox 1131 3997 1288 4065; x_wconf 85' lang='lat' dir='ltr'><strong>Graeoum</strong></span> 
     </span>
    </p>
   </div>
   <div class='ocr_carea' id='block_1_7' title="bbox 256 4225 776 4298">
    <p class='ocr_par' dir='ltr' id='par_1_9' title="bbox 256 4225 776 4298">
     <span class='ocr_line' id='line_1_31' title="bbox 256 4225 776 4298; baseline 0 -17"><span class='ocrx_word' id='word_1_219' title='bbox 256 4227 264 4264; x_wconf 85' lang='lat'>¹</span> <span class='ocrx_word' id='word_1_220' title='bbox 278 4225 364 4294; x_wconf 74' lang='lat' dir='ltr'><strong>Pers..</strong></span> <span class='ocrx_word' id='word_1_221' title='bbox 376 4231 409 4298; x_wconf 84' lang='grc' dir='ltr'><strong>ΙΙ,</strong></span> <span class='ocrx_word' id='word_1_222' title='bbox 427 4233 455 4294; x_wconf 77' lang='grc'><strong>3,</strong></span> <span class='ocrx_word' id='word_1_223' title='bbox 467 4233 492 4283; x_wconf 88' lang='lat' dir='ltr'><strong>t.</strong></span> <span class='ocrx_word' id='word_1_224' title='bbox 506 4225 658 4292; x_wconf 47' lang='lat' dir='ltr'><strong>urere,</strong></span> <span class='ocrx_word' id='word_1_225' title='bbox 668 4228 700 4293; x_wconf 88' lang='lat' dir='ltr'><strong>V,</strong></span> <span class='ocrx_word' id='word_1_226' title='bbox 715 4241 734 4292; x_wconf 84' lang='lat' dir='ltr'><strong>t,</strong></span> <span class='ocrx_word' id='word_1_227' title='bbox 751 4229 776 4281; x_wconf 87' lang='lat' dir='ltr'><strong>t.</strong></span> 
     </span>
    </p>
   </div>
   <div class='ocr_carea' id='block_1_8' title="bbox 0 0 1518 5220">
    <p class='ocr_par' dir='ltr' id='par_1_10' title="bbox 0 0 1518 5220">
     <span class='ocr_line' id='line_1_32' title="bbox 0 0 1518 5220; baseline 0 0"><span class='ocrx_word' id='word_1_228' title='bbox 0 0 1518 5220; x_wconf 95' lang='lat' dir='ltr'><strong> </strong></span> 
     </span>
    </p>
   </div>
  </div>
 </body>
</html>
