3000 5220
633 388 801 464 ..μ

181 579 285 649 onem
302 558 412 632 Giaaci
437 565 540 656 euno
564 560 615 638 eia
637 564 702 637 ntea
730 557 1147 653 siumeuroaemens½
1169 570 1259 636 tatio

181 696 240 746 eos
262 676 388 746 alliciet
406 682 440 746 et
457 675 627 747 detinebit
643 675 814 763 exquisita
837 675 894 744 illa
918 690 1055 746 morum
1072 679 1252 769 elegantia.

181 796 216 862 et
244 791 390 879 lepidior
421 792 623 872 urbanitas,
651 798 690 860 et
716 791 895 861 excelsitas
926 791 1157 882 philosophiae
1185 795 1256 885 dua

181 906 276 976 visus
292 912 345 976 est
362 906 577 991 Quintiliano
593 906 783 976 Menander
804 905 957 975 omuibus
979 905 1126 997 ejusdem
1148 910 1258 1002 operis

181 1022 374 1091 unctoribus
395 1022 574 1092 abstulisse
590 1041 722 1107 nomen,
738 1027 772 1094 et
786 1022 918 1113 sulpure
932 1043 1000 1094 soc
1017 1024 1187 1097 claritatis
1205 1046 1257 1097 ree

181 1137 261 1206 teris
281 1137 429 1208 tenebras
444 1135 659 1208 niddense&
791 1184 794 1190 -

230 1254 295 1324 Sed
316 1275 395 1342 quae
418 1256 592 1325 Romanos
613 1240 791 1342 politiores
807 1255 1029 1340 delectavere,
1051 1258 1091 1327 ab
1107 1255 1256 1330 rudiliut¹

180 1376 214 1440 et
226 1368 367 1439 incultis
382 1370 499 1440 minus
514 1378 613 1440 erant
627 1372 1007 1459 plaoituraiQuomudo
1022 1373 1118 1442 enlm
1133 1373 1254 1444 rustici

181 1484 388 1567 urbanitate,
404 1484 544 1554 barbari
556 1472 732 1576 elegantia
747 1485 1009 1556 detinerentur?
1023 1488 1173 1557 Plautini
1191 1503 1257 1558 noa

117 1580 119 1583 ⁵
179 1600 313 1690 prologi
337 1606 481 1670 monent
499 1601 642 1690 quinam
664 1603 876 1689 spectatores
899 1606 984 1671 tuno
1003 1602 1039 1671 in
1058 1603 1255 1675 Romanum

180 1716 366 1800 theatrum,
384 1717 481 1788 lesus
500 1718 644 1801 diebus,
665 1716 911 1812 convenirent:
929 1718 1061 1789 scilieet
1079 1719 1180 1808 plebs
1198 1721 1256 1801 iila

179 1833 346 1902 castrensi
363 1834 443 1904 vita
460 1835 495 1903 ei
505 1835 608 1922 operi
624 1833 755 1903 rustico
777 1840 932 1916 assueta,
948 1834 1076 1921 quletis
1093 1835 1253 1918 imminua

178 1947 305 2017 silentii
328 1950 525 2045 impatiena
541 1951 596 2019 eui
624 1947 713 2018 nihil
733 1949 849 2039 ‚magis
875 1948 970 2018 cordi
997 1957 1071 2019 erat
1096 1955 1199 2039 quain
1224 1952 1254 2022 si

178 2056 371 2133 scurriliter
386 2066 568 2155 jurgantes
587 2071 622 2134 et
642 2075 785 2134 manum
804 2063 908 2134 eiiam
922 2073 1150 2137 conserentes
1171 2084 1255 2138 cone

178 2181 419 2271 templus-etum
440 2196 519 2250 rere
538 2179 656 2268 prouti
679 2190 801 2249 eorum
822 2198 934 2266 quos,
954 2185 1141 2269 postquam
1157 2181 1254 2254 suere

72 2300 74 2302 ’
177 2299 334 2384 tempore
350 2295 385 2365 et
400 2295 526 2366 litteris
539 2294 677 2378 exculti,
690 2294 854 2365 Horatius
869 2298 986 2364 tamen
1001 2294 1121 2364 cautim
1135 2295 1254 2367 cordas

177 2407 439 2500 nuncupabstl.
456 2415 508 2480 Eu
526 2412 655 2499 quibus
678 2411 877 2499 spectandae
894 2409 1122 2481 tradebantur
1143 2413 1254 2483 nocta

176 2528 357 2597 Menandri
386 2526 526 2596 sabnlal
560 2526 687 2596 talibus
715 2525 1112 2614 spectatoribusmulto
1140 2529 1254 2616 aptior

97 2631 100 2637 ’
176 2641 252 2712 sino
277 2640 384 2712 dubio
408 2642 529 2713 luisset
545 2649 645 2712 vetus
667 2644 772 2730 quam
798 2643 1103 2712 noradracorum
1121 2656 1254 2714 citriama

176 2759 242 2842 dia,
262 2761 351 2848 duae,
377 2761 486 2848 quum
512 2760 554 2828 ad
577 2758 836 2847 protervitatem
859 2760 1139 2846 etpetulantium
1162 2772 1253 2832 esset

174 2877 371 2964 proclivior,
402 2877 511 2967 magis
537 2885 642 2964 quam
670 2876 880 2955 Menandros
910 2877 1080 2967 elegantia
1108 2879 1251 2969 globum

175 2992 271 3061 hunc
294 3006 337 3062 ex
358 2993 529 3062 militibus
549 2989 584 3061 et
604 2992 764 3081 agricolis
786 2991 974 3061 oonilatum
995 2995 1249 3101 oblectavisseia

176 3107 422 3178 Confitendum
446 3107 624 3197 igiturest
645 3107 736 3175 inter
755 3100 819 3174 hos
833 3111 966 3176 veteres
990 3103 1109 3177 Romae
1130 3116 1251 3198 poetas

175 3230 210 3294 et
221 3225 346 3294 veteris
359 3226 559 3294 Graculum
574 3222 754 3293 comoediae
771 3227 929 3292 auctores
942 3225 1129 3310 quamdam
1145 3227 1253 3297 exctis

166 3336 258 3409 tisse
275 3339 488 3422 affinitatem,
511 3355 578 3428 qua
598 3344 723 3407 natura
739 3337 1057 3427 conjungebantu'r;
1079 3346 1122 3422 et,
1138 3357 1252 3429 quam

175 3467 278 3546 quam
296 3456 408 3525 Latini
429 3457 616 3544 scriptores
633 3454 863 3524 ileiiandrum
880 3460 913 3522 et
928 3454 1163 3526 Philemonem
1180 3456 1250 3528 lato

175 3574 337 3661 quodam,
360 3579 400 3642 ut
419 3572 500 3653 dixit
523 3573 640 3660 potius
667 3571 871 3652 retulerunt,
894 3568 967 3639 fieri
992 3578 1108 3641 tamen
1136 3572 1252 3660 potuit

175 3695 215 3758 ut
234 3691 277 3759 ad
297 3689 504 3760 ‘vetustiores
527 3688 710 3776 aliquoties
731 3700 895 3768 remeare,
916 3693 950 3755 ei
971 3708 1021 3769 ea,
1044 3707 1122 3776 que
1145 3691 1250 3760 rudes

174 3805 324 3887 Graecos,
348 3805 498 3874 necdum
518 3804 561 3872 ad
576 3796 729 3872 urbanos
749 3803 992 3906 elegantesque
1009 3799 1123 3874 mores
1140 3804 1251 3875 inlor-
1310 3850 1312 3854 -

211 4069 219 4103 ¹
231 4070 318 4122 sciui.
329 4068 478 4137 Aristopd„
490 4069 579 4136 liidot,
593 4069 660 4136 prol.
676 4067 719 4123 22.
731 4066 785 4107 -2
796 4067 900 4132 Quint„
908 4070 941 4135 ll,
958 4071 982 4123 l.
992 4069 1049 4110 -i
1063 4073 1138 4139 lior„
1149 4075 1248 4140 Epist..

176 4161 209 4224 ii,
227 4163 250 4225 i,
264 4162 323 4215 199.
