3000 5220
1053 322 1072 369 ar

652 410 848 479 ..55-

299 585 418 643 Tantum
429 581 466 644 ad
479 584 648 643 narrandum
660 585 858 659 argumentum
869 583 1117 660 adest'benignitas
1130 591 1153 645 ¹!

213 794 262 861 Re
280 788 394 860 fusius
410 797 551 860 narrata
565 799 753 882 antequam
770 797 903 882 agatur,
922 812 1025 882 quam
1049 794 1182 879 sedulo,
1203 797 1293 867 dum

213 906 340 997 agitur,
360 913 457 977 eavet
474 927 518 977 ne
542 907 627 996 quid
642 909 748 978 rudes
769 914 829 977 aut
849 907 966 978 minus
981 914 1132 979 attentos
1152 917 1294 1000 speeta-

214 1027 305 1090 tores
324 1028 508 1112 praetereat
522 1044 530 1091 1
539 1021 618 1111 jem
638 1020 697 1091 boo
716 1019 877 1091 tenetis²l
890 1023 1011 1113 jamne
1026 1023 1085 1093 boc
1097 1023 1193 1094 scitis
1206 1025 1294 1116 quid

212 1136 276 1225 siet
288 1131 325 1206 ⁸?
340 1137 407 1208 Sed
425 1142 505 1209 ante
524 1137 642 1208 omnia
659 1137 817 1227 providet
838 1157 882 1208 ne
906 1157 961 1207 res
985 1138 1114 1227 saepius
1138 1146 1292 1211 narratae

211 1253 352 1324 vanisve
380 1253 559 1342 implicitae
586 1253 793 1343 ambagibus
821 1259 881 1324 aut
909 1254 1127 1325 audientium
1149 1253 1292 1326 fastidia

213 1379 383 1456 moveant,
401 1378 461 1445 aut
473 1372 609 1445 fabulas
622 1371 753 1442 fatiant
767 1393 810 1442 ex
820 1372 934 1462 longis
945 1374 1131 1465 longiores,
1143 1374 1293 1447 diutius·

212 1509 280 1577 que
300 1488 512 1560 esurientem
537 1495 599 1557 aut
624 1487 800 1558 sitientem
820 1490 990 1578 populum
1008 1496 1200 1562 morentur,
1227 1493 1292 1562 llla

213 1603 307 1674 enim
323 1602 505 1687 comoedia,
516 1603 545 1672 si
558 1603 700 1692 penitus
715 1604 799 1692 quid
813 1605 880 1674 sibi
896 1606 978 1676 velit
990 1606 1158 1696 inquiras,
1172 1609 1293 1679 obleo-
1349 1609 1352 1616 '

212 1718 328 1790 tandae
350 1718 463 1808 plebis
482 1719 585 1798 unice
612 1725 664 1790 est
688 1720 867 1803 studiosa3
886 1721 1125 1815 idipsumque
1145 1724 1291 1796 Plautus

213 1854 284 1905 non
300 1835 407 1906 semel
422 1854 487 1904 nee
507 1834 613 1906 dubie
629 1833 809 1924 professus
829 1842 882 1906 est
899 1858 907 1904 :

318 2055 423 2112 Horum
436 2053 590 2114 causabam
602 2053 695 2128 agitur
708 2057 896 2129 spectatorum
907 2053 1003 2121 sabula
1013 2058 1034 2112 ⁴.

262 2269 364 2341 Plebs
387 2289 468 2342 vero
495 2270 564 2355 illa,
590 2271 786 2343 litterarum
811 2273 986 2343 nesciaet
1012 2293 1137 2362 parum
1155 2273 1293 2343 euriosa

214 2387 405 2479 elegantiae,
423 2408 503 2478 quae
517 2387 628 2460 Plauti
644 2389 734 2458 sales
749 2408 821 2458 non
837 2388 941 2458 modo
957 2389 1148 2477 patientius
1163 2394 1198 2459 et
1210 2388 1295 2458 stul-

135 2488 138 2494 ’
213 2502 284 2572 tius
303 2505 483 2588 tolerabat,
502 2506 564 2576 sed
577 2526 656 2576 eum
672 2505 856 2594 plausibus
872 2506 1131 2588 adhortabatur,
1149 2511 1189 2575 ut
1204 2524 1240 2574 se
1254 2502 1291 2573 in

214 2618 380 2709 majorem
398 2620 535 2690 efferret
553 2621 827 2708 protervitatem,
847 2622 939 2692 intra
953 2642 1083 2710 paucos
1101 2641 1211 2715 annos
1229 2640 1293 2688 ne-

214 2737 373 2826 quiverat
390 2744 542 2814 veterem
560 2745 595 2809 et
609 2738 669 2808 diu
689 2743 888 2808 concretam
907 2758 1033 2808 exuere
1051 2737 1235 2821 feritatem,
1258 2747 1292 2809 et

214 2852 258 2922 ad
277 2853 369 2922 hano
387 2853 519 2945 ingenii
543 2852 772 2924 subtilitatem
792 2853 1070 2942 exquisitamque
1096 2852 1290 2923 doctrinam

215 2969 388 3054 accedere,
421 2976 462 3041 ut
487 2977 638 3043 secretos
670 2970 870 3041 Graecorum
898 2965 1033 3059 lepores
1059 2969 1291 3058 delicatasque

214 3092 414 3157 venustates
436 3107 582 3176 prorsus
606 3087 812 3177 perciperet.
839 3088 1000 3159 Studiosa
1018 3088 1094 3157 haee
1111 3087 1147 3155 111
1166 3105 1293 3174 perpo-

215 3202 340 3273 liendis
367 3204 506 3291 seriptis
532 3224 631 3286 eura,
661 3210 696 3273 et
724 3221 870 3289 operum
897 3203 1043 3292 argutiae
1072 3203 1189 3270 minus
1214 3221 1291 3270 eam

216 3317 448 3400 oblectabant,
470 3339 573 3408 quam
600 3317 711 3390 Plauti
728 3317 871 3387 libertas
888 3323 922 3387 et
937 3317 1151 3406 petulantia;
1180 3337 1290 3400 novae,

216 3452 295 3520 quae
314 3431 518 3518 edebantur,
544 3434 742 3517 comoediae,
763 3455 781 3504 e
800 3433 929 3503 Graecis
946 3432 1082 3505 fidelius
1099 3453 1289 3522 expressae,

217 3550 397 3639 magisque
420 3551 464 3621 ad
485 3556 594 3622 artem
614 3557 857 3641 praeoeptaque
870 3551 1083 3640 compositae,
1099 3551 1160 3618 sed
1173 3549 1292 3618 minus

217 3672 307 3752 aptae
326 3668 370 3735 ad
390 3666 586 3751 ridendum,
607 3665 781 3756 nequiores
797 3687 898 3756 quom
922 3668 1020 3736 numi
1044 3664 1125 3735 noni
1140 3666 1292 3753 reperie-

217 3778 346 3849 bantur
358 3779 382 3849 ⁸.
403 3783 543 3852 Veteres
558 3780 704 3881 fabulas,
722 3781 870 3870 agrestia
886 3802 1001 3870 opera,
1020 3782 1081 3851 sed
1097 3780 1243 3850 ridicula
1258 3784 1293 3849 et

170 4034 173 4038 ’
255 4022 262 4056 ¹
277 4029 404 4090 1111111111,
420 4031 487 4094 prol.
504 4034 545 4084 16.
556 4057 591 4068 -
605 4029 615 4061 ²
629 4032 718 4095 copo,
735 4028 801 4094 prol.
821 4030 867 4091 103
880 4025 993 4092 Pareat,
1005 4027 1071 4094 prol.
1088 4028 1199 4078 116.-
1214 4023 1293 4074 lano

216 4115 296 4184 plat,
313 4116 334 4178 l,
349 4116 375 4180 2,
391 4117 482 4170 11-
498 4117 635 4183 *Ρ111111.,
654 4119 698 4182 lll,
722 4120 813 4181 1,18;
837 4115 942 4182 Pseud„
958 4119 991 4181 11,
1005 4119 1033 4182 1,
1053 4118 1098 4170 10.
1110 4141 1146 4154 -
1165 4110 1290 4175 'Ooatn.,

217 4204 285 4270 prol.
301 4205 344 4259 10.
