3000 5220
563 419 858 507 m-tt-

252 633 255 639 .
276 605 277 608 ¹
381 583 493 644 Pietatis
506 597 589 642 cause
599 579 644 640 vel
658 580 746 640 etiem
755 587 876 642 matrem
890 599 1003 659 quoque
1015 590 1034 644 ¹.

271 763 351 831 llaec
366 781 482 831 secum
500 759 588 828 male
601 777 754 850 congrua
770 759 951 830 Horatium
966 761 1136 850 impulere
1148 769 1187 833 ut
1200 745 1297 835 Plau-

222 876 373 945 tinarum
399 876 595 947 fabularum
624 895 792 963 personas
816 878 1106 964 reprehenderet,
1132 881 1226 968 qnod
1253 881 1296 949 ad

222 993 331 1062 imum
351 1013 421 1063 non
446 1000 639 1074 serventur,
658 991 776 1080 quales
795 995 836 1062 ab
855 994 994 1084 incepto
1010 996 1268 1085 processerint:

680 1192 809 1267 Adspice,
824 1194 936 1254 Plautus

343 1286 404 1352 Quo
419 1285 499 1357 paeto
511 1285 604 1355 partes
618 1285 723 1366 tutetur
736 1282 854 1341 amantis
865 1285 978 1359 ephebi,

343 1374 376 1430 Ut
390 1371 478 1446 patris
490 1370 598 1444 attenti,
612 1369 720 1429 lenonis
732 1376 763 1430 ut
778 1371 903 1432 insidiosi
913 1378 932 1429 ¹.

218 1583 286 1668 Qui
300 1582 367 1651 sibi
386 1590 469 1652 sunt
488 1583 604 1651 minus
620 1585 810 1653 concordes
827 1586 932 1672 quod,
950 1606 1058 1673 quum
1075 1607 1133 1655 eos
1150 1588 1293 1658 Plautus

222 1699 408 1790 effingeret,
429 1702 497 1770 duo
518 1701 750 1771 diversissima
767 1702 904 1771 videtur
923 1703 1122 1790 requisisse,
1145 1713 1178 1775 et
1192 1707 1291 1794 qnasi

217 1817 252 1887 in
271 1826 385 1906 partes
402 1818 593 1887 contrarias
608 1817 715 1888 luisse
731 1818 929 1887 distractus.
949 1820 1050 1887 blodo
1064 1821 1156 1888 enim
1173 1823 1292 1891 Graeca
1334 1853 1345 1863 1

199 1919 283 2001 ‘sibi
303 1933 483 2002 referenda
505 1933 699 2020 proposuit,
719 1932 820 2000 modo
842 1953 921 2000 eum
947 1933 1209 2003 circumstantia
1232 1937 1292 2004 de-

217 2050 371 2130 tinuere,
405 2056 587 2135 totumque
612 2068 649 2116 se
673 2040 908 2135 exprimendis
938 2049 1095 2120 moribus
1124 2052 1292 2139 applicuit

215 2165 275 2255 qui
296 2167 361 2234 snb
384 2164 493 2233 oculis
518 2164 804 2233 obversabantur.
822 2164 877 2233 Sic
899 2161 1016 2234 evenit
1039 2150 1079 2236 nt
1099 2169 1208 2259 magis
1227 2190 1290 2258 pe-

214 2287 301 2351 trem
314 2288 515 2351 reverentur
527 2280 707 2350 Calidorus
718 2281 972 2369 Charinusque‚
987 2283 1070 2351 dum
1082 2294 1182 2370 poeta
1194 2287 1291 2354 Gree-

214 2417 334 2467 corum
351 2397 504 2487 vestigiis
517 2397 720 2477 insistebnt3
737 2405 913 2483 quum—est
929 2399 971 2465 ad
987 2401 1162 2467 Romanos
1176 2389 1290 2470 mor'es

215 2515 388 2602 delapsus,
406 2514 457 2580 ¹illi
481 2533 620 2601 quoqne
643 2512 751 2600 patris
776 2513 1004 2588 reverentiam
1023 2514 1127 2584 simul
1150 2536 1286 2586 exuere.

147 2658 149 2664 s
183 2686 187 2693 .
214 2627 269 2698 Sic
293 2628 402 2698 filium
424 2627 616 2697 Nicobulns
642 2627 804 2717 castigat,
833 2628 1088 2718 philosophiam
1116 2632 1288 2702 Demones

214 2754 360 2827 exercet,
380 2745 494 2833 quoad
517 2744 658 2814 Plautus
676 2745 763 2813 fixos
791 2745 827 2813 in
847 2746 1024 2834 Diphilum
1044 2750 1288 2819 Menandrum-

213 2882 281 2949 qne
294 2865 389 2930 tenet
400 2861 538 2941 oculos;
556 2859 730 2950 frangitur
743 2861 902 2931 Nicobuli
915 2864 1091 2947 severitas,
1103 2866 1288 2937 hebetatur

213 2975 378 3046 Demonis
404 2975 584 3073 sapientia,
604 2997 712 3062 quum
740 2977 783 3044 ad
804 2986 940 3045 aetatem
961 2999 1060 3047 suam
1086 2990 1186 3068 poeta
1213 3003 1288 3051 res-

212 3093 308 3183 picit,
324 3094 569 3189 Romanosque
588 3111 688 3160 senes
709 3091 866 3162 intuetur
890 3093 1019 3181 quibus
1035 3102 1109 3165 erat
1128 3096 1283 3182 solitum,
1366 3134 1370 3143 ·

212 3210 240 3280 si
263 3211 450 3300 quicquam
476 3207 668 3276 occasionis
693 3215 793 3290 esset,
813 3210 921 3297 facere
935 3210 1050 3279 onr'mo
1066 3233 1126 3280 sno
1144 3212 1244 3303 oolcp
1258 3209 1283 3299 ³,

211 3333 282 3408 aut,
304 3324 395 3415 opud
416 3325 581 3406 lenonem,
593 3323 718 3392 rivales
734 3323 817 3415 filiis
836 3324 911 3416 fieri
922 3321 947 3396 ⁴.
973 3329 1024 3397 llli
1047 3329 1154 3420 igitur
1175 3349 1284 3419 quum

192 3443 284 3514 nati
303 3443 339 3511 in
360 3440 504 3522 Graecia,
527 3441 660 3510 diutius
686 3448 801 3510 autem
828 3442 920 3512 inter
942 3446 1117 3516 Romanos
1144 3447 1299 3529 versati,

211 3566 272 3630 aut
285 3558 415 3648 patrias
435 3556 579 3626 omnino
604 3556 780 3627 dediscere
796 3558 959 3642 virtutes,
982 3571 1041 3631 aut
1058 3563 1283 3658 rusticiorem

212 3695 361 3758 morum,
391 3676 474 3744 dum
497 3674 642 3741 Romam
671 3673 840 3757 incolunt,
869 3678 1028 3768 contagia
1057 3679 1178 3765 procul
1201 3698 1220 3747 a
1246 3699 1284 3749 se

210 3813 327 3863 arcere
347 3799 540 3880 nequeant,
564 3789 667 3857 modo
687 3799 769 3859 sunt
797 3792 840 3862 ad
867 3794 1021 3862 Graecam
1048 3795 1282 3865 urbanitatem

210 3911 359 3999 quadam
373 3906 519 3998 originis
532 3925 605 3975 suae
620 3907 788 3975 memoria
804 3909 920 3993 erecti,
938 3911 1041 3981 modo
1058 3911 1153 3981 omni
1167 3912 1284 4001 quoti·

247 4127 382 4198 msere,
405 4135 426 4197 r,
448 4134 475 4196 r,
491 4099 700 4192 ran-morl,
717 4132 815 4196 opst,
832 4132 865 4195 11,
883 4136 909 4197 r,
927 4123 989 4189 rrt.
1004 4162 1040 4176 -
1056 4112 1220 4200 recusus
1232 4134 1280 4188 nn.

207 4247 242 4260 -
253 4220 413 4286 ‘Buccbtd.,
428 4223 479 4274 sub
491 4221 537 4272 dn.
838 4236 843 4244 ·
1038 4251 1041 4259 ·
1096 4246 1097 4249 ¹
1134 4224 1136 4227 ’
