3000 5220
590 437 638 449 ...
664 398 786 475 25,·····

61 579 64 584 ’
83 557 86 563 ’
152 571 300 640 deantur
314 567 421 638 servis
435 566 508 636 suis
522 567 722 648 concedere,
735 566 849 656 virgas
864 567 1081 651 minitantur,
1096 569 1223 652 etlora,

152 693 187 757 et
201 686 399 775 pistrinum,
420 694 453 754 et
471 704 624 765 crucem,
643 693 676 753 et
689 678 850 753 sexcenta
868 686 924 754 illa
938 688 1127 775 supplicia,
1148 707 1225 776 quae

151 821 418 891 nemounquam
429 800 583 891 jocosius
597 801 716 887 Plauto
731 800 932 888 descripsit;
949 804 1049 885 servi,
1060 805 1225 873 adversus

152 939 273 989 omnes
300 919 413 986 minas
442 925 684 998 contumaces
711 917 759 984 nil
785 926 907 988 curant
934 920 1066 1009 virgas,
1087 941 1224 991 crucem

152 1033 310 1118 irrident,
330 1035 418 1104 etin
439 1034 563 1102 mediis
578 1033 758 1122 suppliciis
777 1034 905 1123 tragice
921 1036 1139 1125 triumphant
1157 1058 1165 1106 :
1185 1126 1188 1133 .

240 1235 268 1294 Si
283 1234 324 1292 illi
338 1238 403 1292 sunt
416 1232 498 1308 virgae
511 1232 585 1300 ruri,
600 1231 708 1291 etmihi
721 1237 830 1306 tergum
845 1231 921 1290 domi
934 1233 970 1292 ’st
983 1239 1003 1293 ¹.

242 1365 391 1382 .....
417 1322 477 1381 Scio
489 1338 599 1380 crucem
614 1321 736 1380 futuram
751 1322 819 1379 mihi
837 1323 1015 1397 sepulchrum
1032 1344 1039 1383 :

240 1411 279 1469 lbi
294 1410 351 1471 mei
360 1411 480 1486 majores
491 1417 555 1469 suut
566 1409 628 1483 siti,
644 1416 734 1486 pater,
750 1427 827 1478 erus,
843 1427 973 1486 proavus,
985 1412 1118 1471 abarus².

152 1616 248 1700 Quos
264 1613 445 1702 suppliciis
464 1613 537 1682 heri
557 1620 737 1701 nequeunt
754 1612 927 1705 subigere,
951 1615 1115 1703 precibus
1135 1635 1228 1704 saepe

149 1731 314 1820 juvenes,
347 1736 529 1820 argentum
559 1729 625 1799 sibi
657 1729 935 1818 suppeditaturi,
962 1739 996 1799 et
1019 1732 1146 1813 amica,
1167 1751 1228 1820 per

152 1845 307 1916 fraudem
326 1847 445 1935 patria,
465 1846 608 1934 potituri
627 1846 890 1936 aggrediuntur.
912 1849 1000 1915 Tum
1018 1867 1132 1934 operae
1147 1868 1227 1934 pre-

152 1962 240 2034 tium
266 1970 317 2033 est
338 1983 478 2032 cernere
504 1970 543 2031 ut
573 1982 693 2031 servus
720 1960 897 2032 fastidiose
923 1963 1070 2043 incedat,
1089 1965 1229 2034 illudat-

152 2100 220 2169 que
239 2078 450 2166 imploranti,
474 2084 508 2147 et
533 2078 575 2147 ad
599 2078 767 2147 humilem
779 2080 1024 2168 jacentemque
1040 2081 1097 2151 vix
1117 2082 1227 2170 respi-

153 2215 230 2264 cere
256 2193 429 2285 dignetur.
451 2193 659 2262 Adolescens
684 2214 776 2276 vero,
807 2197 964 2283 quamvis
996 2198 1171 2287 ingenuus
1194 2204 1228 2268 et

90 2366 95 2370 .
152 2312 261 2381 libera
281 2320 377 2381 ortus
393 2311 519 2399 stirpe,
547 2319 731 2400 postquam
760 2333 873 2400 neque
897 2313 1078 2401 promissis
1103 2333 1228 2402 peper-

153 2429 249 2510 cerit,
275 2448 387 2515 neque
413 2427 603 2507 blanditiis,
636 2428 679 2495 ad
699 2429 855 2515 turpiora
883 2429 985 2496 etiam
1011 2426 1227 2517 soedioraque

93 2577 97 2586 ,
153 2543 343 2625 delabitur3
360 2562 433 2624 nec,
448 2543 475 2610 si
488 2542 583 2612 nullo
600 2542 666 2610 alio
681 2544 782 2612 modo
796 2544 929 2613 servilis
943 2544 1017 2614 haec
1030 2545 1227 2635 arrogantia

153 2661 305 2748 potuerit
322 2659 482 2750 mitigari,
496 2667 534 2729 ut
545 2659 583 2728 fit
598 2659 633 2726 in
645 2657 818 2742 Astraea,
833 2662 1009 2731 recusabit
1020 2661 1117 2751 quin,
1136 2661 1228 2752 geni-

153 2776 220 2846 bus
243 2779 456 2866 provolutus,
474 2776 644 2844 Libanum
665 2778 849 2863 quemdam
867 2786 927 2848 aut
943 2777 1142 2859 Leonidam,
1161 2796 1228 2846 scr-

132 2884 134 2889 ’
153 2912 274 2960 vorum
287 2893 521 2980 nequissimos
532 2893 634 2960 dorso
647 2893 830 2973 suovehat,
843 2900 886 2974 et,
898 2901 1064 2981 tanquam
1078 2894 1229 2980 quadru-

153 3027 226 3097 peS,
248 3008 379 3076 calcare
396 3007 529 3096 agitari,
545 3007 780 3095 conviciisque
797 3003 899 3076 etiam
914 3008 1034 3096 impeti
1050 3008 1225 3096 patiatur:

384 3211 428 3271 Sic
441 3212 482 3270 illi
493 3212 583 3272 solent
594 3211 705 3289 superbi
719 3169 915 3274 suhdomari³t

203 3425 242 3490 ln
263 3440 442 3490 servorum
467 3420 574 3510 igitur
600 3420 688 3489 dolis
711 3429 745 3491 et
763 3421 1083 3492 machinationibus
1100 3422 1230 3492 Plauti-

155 3558 279 3609 narum
309 3536 505 3606 fabularum
537 3537 687 3617 maxima
717 3558 799 3625 pars
831 3546 1001 3620 versatur,
1036 3543 1071 3608 ct
1101 3538 1161 3627 qui
1192 3537 1229 3608 in

154 3653 277 3724 ceteris
297 3654 503 3741 plerumque
525 3652 627 3722 citius
651 3650 813 3736 festinat,
838 3673 947 3741 quum
968 3673 1027 3723 eos
1046 3654 1229 3742 loquentes

155 3776 365 3860 agentesque
380 3768 532 3850 adhibet,
554 3769 668 3838 locum
687 3771 772 3839 satis
788 3770 999 3859 amplificare
1013 3789 1084 3838 non
1102 3776 1227 3859 potest.

155 3884 312 3975 Hegioni,
334 3884 445 3955 silium
462 3903 566 3954 suum
591 3886 793 3975 agnoscenti
813 3882 839 3969 ⁴,
865 3886 1039 3955 Dinarcho
1059 3887 1229 3978 virginem

194 4111 199 4138 ¹
216 4069 325 4169 rancia,
337 4109 370 4171 u,
382 4111 410 4172 a,
424 4111 485 4162 aar.
499 4134 536 4148 -
548 4107 736 4175 ’naruqror.,
750 4110 783 4174 n,
798 4111 823 4172 e,
837 4111 880 4163 m.
895 4109 1050 4177 -rasm,
1063 4113 1108 4176 ru,
1124 4115 1152 4176 a,
1167 4111 1228 4165 rra.

156 4224 189 4237 -·
201 4195 212 4229 ⁵
223 4201 312 4263 Copt,
325 4199 356 4260 V,
367 4199 394 4250 l.
