3000 5220
651 391 846 460 ..12-

211 554 422 646 negaverim.
445 554 508 626 llic
530 574 612 626 vero
637 554 802 627 Horatius
829 579 900 631 non
929 560 1014 650 quid
1040 561 1115 649 ipse
1144 563 1281 630 censeat

211 671 339 761 prodit,
361 691 426 742 nec
445 671 586 766 nomine
601 691 666 741 suo
681 672 852 760 loquitur3
867 676 1047 766 loquentes
1067 673 1200 744 inducit
1214 672 1279 739 hos

212 796 368 860 veterum
383 797 564 878 poetarum
581 788 781 860 defensores
795 793 946 868 totiesin
962 789 1088 859 Satiris
1100 785 1280 876 Epistolic-

213 923 275 993 (μω
297 903 509 988 lacessitos,
527 903 586 991 qui
603 903 722 974 ‘Plauti
747 907 850 977 sales
866 924 1099 994 numerosque
1130 902 1279 974 nimium

212 1017 581 1117 pati'nnterlseiobant,
608 1039 758 1109 cumque
780 1024 874 1110 quod
896 1022 931 1091 iu
954 1019 1137 1116 comoediis
1161 1031 1282 1110 prope-

211 1141 303 1201 raret
328 1133 602 1218 admirabantur,
633 1137 762 1207 nedum
785 1137 868 1212 vitio
895 1143 1084 1216 verterent;
1109 1133 1281 1225 quidquid

212 1248 318 1340 igitur
348 1248 544 1340 siguificare
564 1252 751 1335 voluerint,
776 1251 812 1320 in
835 1251 974 1323 laudem
997 1252 1109 1322 Plauti
1138 1271 1282 1322 couver-

212 1371 285 1435 tcrc
304 1385 445 1435 neeesse
467 1373 529 1435 ost.
550 1369 625 1435 Nou
654 1371 768 1434 tamen
802 1365 869 1434 dici
897 1374 1013 1456 potest
1038 1370 1180 1438 Plautus
1200 1387 1283 1456 pro-

206 1500 341 1570 perare,
363 1481 392 1548 si
415 1480 458 1549 ad
477 1479 603 1549 fabulae
627 1484 829 1548 contextum
849 1488 883 1551 et
904 1501 1110 1572 progressus
1134 1488 1280 1569 spectes.

211 1586 435 1669 'Addo'cnim'
450 1598 548 1666 abest
573 1602 612 1667 ut
624 1580 673 1667 'ad
701 1606 863 1670 eventum
878 1589 1042 1685 imbuet,
1061 1607 1096 1670 et
1111 1600 1282 1689 quidquid

211 1704 390 1803 p'r'opos'ito
404 1701 476 1782 non
488 1696 653 1782 conducit
667 1702 809 1798 resecet,
825 1705 998 1786 utcontra
1013 1717 1182 1806 propositi
1199 1735 1283 1784 non-

211 1848 392 1918 nunquam
406 1828 590 1897 immemor
602 1810 770 1914 videatur,
780 1819 832 1902 ¹et¹
846 1854 924 1921 quae
949 1831 1076 1902 tabulae
1091 1832 1281 1902 aderitum

211 1927 444 2034 perducendae
458 1960 557 2030 paone
577 1936 687 2012 aliena
702 1950 766 2014 'aut
788 1947 910 2016 saltem
926 1968 1050 2036 parum
1068 1946 1166 2017 utilia
1186 1943 1280 2026 sunt,

211 2080 262 2140 ea,
279 2058 308 2126 si
326 2044 428 2126 modo
445 2056 614 2145 placeant,
632 2057 746 2129 fusius
763 2069 898 2145 tractet,
920 2064 1008 2132 etin
1027 2063 1076 2133 eis
1093 2061 1283 2131 tractandis

164 2178 167 2183 ’
210 2174 289 2262 plus
302 2191 402 2260 aequo
420 2172 569 2262 gaudeat
587 2172 778 2243 immorari.
804 2180 855 2245 lta
882 2185 998 2246 tamen
1019 2179 1225 2247 immoratur
1244 2181 1285 2244 ut

211 2309 314 2360 nemo
341 2307 420 2359 eum
446 2286 610 2356 festinare
629 2297 663 2357 et
679 2289 781 2358 citius
800 2291 934 2381 ingredi
955 2293 1066 2361 vellet.
1087 2292 1217 2360 Fabula
1240 2289 1284 2358 ad

211 2406 317 2476 finem
338 2405 455 2475 miuus
478 2407 630 2494 propero¹
649 2406 844 2491 deducitur,
869 2426 1043 2496 nusquam
1068 2414 1185 2477 tamen
1207 2407 1284 2475 lan-

211 2528 312 2610 guot3
328 2521 448 2607 immo,
465 2519 623 2609 quamvis
637 2521 767 2610 saepius
783 2524 961 2606 consistat,
976 2543 1154 2613 properare
1167 2530 1283 2593 tamon

209 2635 358 2717 videtur,
379 2636 464 2704 adeo
484 2642 536 2705 est
552 2636 695 2705 comicis
711 2637 988 2708 cavillationibus
1008 2638 1134 2708 reierta
1148 2645 1183 2708 et
1196 2638 1284 2726 lopi-

211 2751 265 2822 dis
281 2752 412 2822 salibus
432 2753 588 2822 scatensl

258 2868 327 2937 Nec
350 2868 457 2937 miror
481 2867 510 2936 si
536 2867 628 2937 hauc
650 2867 686 2936 in
709 2866 932 2937 sermonibus
957 2866 1170 2936 alacritatem
1192 2872 1227 2936 ct
1247 2865 1282 2935 iu
1395 2955 1399 2963 Ι

142 3068 146 3077 ¹
211 2984 416 3077 spargendis
432 2983 522 3074 jocis
536 2983 776 3073 petulantiam,
794 3002 862 3070 qua
876 2982 987 3053 Plauti
1006 2983 1177 3053 comoedia
1191 3002 1285 3071 spec·

211 3106 340 3169 tatores
358 3100 536 3172 detinebat
555 3106 589 3170 et
606 3098 798 3194 expeditior
811 3098 1005 3183 videbatur,
1026 3121 1044 3170 e
1063 3100 1187 3170 Siculis
1206 3119 1285 3188 poe-

211 3214 255 3283 tis
273 3235 348 3284 esse
365 3235 565 3303 expressam
580 3215 740 3285 nonnulli
756 3214 915 3284 arbitrati
932 3217 1014 3285 sint.
1043 3215 1175 3284 Nimios
1190 3215 1283 3282 euim

209 3328 246 3398 in
270 3329 426 3403 omuire
452 3329 586 3400 Siculos
610 3328 718 3401 fuisse
744 3335 896 3423 constat,
921 3330 1136 3418 modumque
1158 3327 1283 3399 necin

209 3445 370 3536 lacrymis
388 3466 451 3516 nec
471 3446 507 3515 in
530 3447 603 3516 risu
623 3436 899 3539 tenuisse'utnc
919 3465 978 3514 eos
992 3444 1105 3517 vivide
1127 3444 1285 3532 increpat

210 3560 480 3652 Aristophanes,
508 3563 568 3651 qui
592 3562 694 3631 toties
717 3561 820 3656 nobis
844 3559 963 3659 eadem
983 3561 1026 3630 de
1046 3579 1150 3629 causa
1170 3558 1285 3628 incre-

209 3679 349 3765 pandus
375 3680 523 3750 ridetur.
544 3679 679 3767 Scimus
703 3675 921 3773 quammale
946 3676 1096 3745 audierit
1116 3678 1184 3766 Mes
1198 3680 1285 3769 ’ρικος

210 3795 301 3886 ydor
321 3816 393 3879 uon
419 3797 531 3867 solum
554 3795 589 3864 in
612 3813 700 3866 nova
721 3789 903 3876 comoedia,
924 3792 985 3862 sed
1005 3792 1039 3860 in
1059 3799 1185 3874 vetere,
1206 3810 1286 3878 quoe

210 3894 346 4000 saepius'
367 3918 485 3982 tamen
517 3911 555 4000 iu
585 3912 659 3982 risu
691 3908 863 3999 captando
893 3909 1090 3999 protervior
1116 3908 1189 3996 uisa
1219 3912 1282 3976 est.

210 4027 353 4097 Plautus
379 4047 535 4117 quoque,
561 4009 761 4098 Graecorum
782 4030 924 4096 secutus
945 4019 1117 4115 exempla,
1140 4024 1183 4094 ab
1205 4020 1286 4091 irri-

212 4143 326 4218 dendo
347 4142 543 4216 Siculorum
567 4145 640 4218 risu
664 4163 735 4216 nou
757 4141 901 4215 omniuo
926 4141 1107 4226 abstinuit,
1129 4136 1285 4214 Saturio-
