3000 5220
646 415 843 488 ...13-

209 581 519 673 nemqueindnxit
540 581 577 650 in
601 581 767 685 Persade
783 542 872 678 logis
891 581 981 667 suis,
1005 584 1089 654 dum
1115 583 1195 655 liliae
1218 588 1282 658 do-

210 697 282 772 tem
298 699 491 791 pollicetur,
508 697 589 768 talia
601 698 835 790 jactantem:¹
868 752 870 756 -
893 724 910 778 g>
1010 727 1032 772 .’

349 929 434 989 dttici
445 945 542 990 omnes
550 948 560 1004 ;
575 929 684 989 nullum
698 929 822 990 Siculum
836 930 1008 1007 adcopulat

210 1136 275 1207 Sed
293 1157 399 1227 quam
418 1160 539 1210 vereor
561 1160 606 1210 ne
625 1141 692 1211 sibi
711 1141 861 1211 nimium
876 1141 1014 1211 Saturio
1032 1140 1200 1230 gloriatus
1219 1140 1280 1212 siti

210 1252 327 1337 Quum
343 1256 447 1338 enim,
465 1256 501 1324 in
518 1256 687 1327 Plautinis
703 1256 842 1340 fabulis,
860 1263 921 1326 aut
934 1256 1080 1326 ridicule
1097 1264 1284 1344 querentes

209 1369 391 1468 parasitos,
413 1378 472 1440 aut
489 1391 605 1442 servos
630 1374 823 1443 scurriliter
849 1375 1056 1474 altercantes
1074 1373 1189 1455 audio,
1211 1393 1283 1443 non

210 1501 364 1570 possum
378 1505 449 1555 non
462 1488 646 1575 suspicari
677 1495 814 1582 poetam
845 1462 1079 1577 petulantius
1091 1486 1222 1573 aliquid
1250 1492 1284 1558 et

209 1599 375 1671 rusticius
400 1603 572 1693 adiecisse
602 1604 731 1693 Diphili
760 1611 795 1674 et
780 1603 1040 1673 tPhilemonis
1071 1600 1281 1686 urbanitati,

209 1712 410 1805 Atticosque
425 1720 522 1810 logos
542 1722 612 1790 sale
630 1721 745 1791 Siculo
763 1720 973 1799 refricuisse.
992 1721 1060 1787 Nec
1080 1727 1132 1787 est
1147 1720 1191 1787 ob
1208 1737 1283 1788 eam

211 1848 350 1900 oausam
377 1836 618 1906 vehementius
646 1837 748 1905 nobis
775 1836 1027 1925 increpandus;
1055 1832 1130 1900 baec
1153 1834 1283 1921 populo

209 1947 405 2032 placebant,
425 1951 480 2018 his
497 1951 655 2021 omnium
670 1952 805 2020 animos
821 1958 855 2021 et
870 1970 972 2020 aures
985 1947 1179 2029 detinebat;
1200 1948 1283 2017 dum

211 2063 406 2144 Terentius,
430 2065 554 2135 Siculae
573 2067 778 2135 rusticitatis
803 2087 894 2148 osor,
910 2064 1201 2150 Menandreaeque
1223 2083 1285 2132 ur-

210 2174 376 2245 banitatis
395 2178 530 2249 fidelior
552 2181 735 2270 interpres,
758 2182 818 2270 qui
836 2180 1006 2250 noluisset
1022 2178 1061 2246 in
1079 2176 1207 2246 fabulis
1223 2177 1284 2245 tali
1351 2226 1354 2233 ι

210 2292 313 2360 modo
328 2312 518 2382 properare,
532 2296 698 2387 languere
712 2297 905 2389 videbatur,
921 2315 986 2364 nec
998 2298 1135 2382 poterat
1146 2292 1283 2380 plebem

209 2404 459 2493 gladiatoribus
474 2415 508 2478 et
527 2400 743 2480 funambulis
758 2402 930 2480 intentam
946 2409 989 2478 ad
1002 2427 1039 2477 se
1053 2426 1226 2476 revocare.
1274 2424 1277 2429 ’

258 2522 367 2590 ltlulta
389 2524 550 2594 Plautum
577 2511 852 2595 dehortabantur
873 2523 1063 2613 quominus
1080 2520 1285 2610 Aristopha-
1367 2563 1369 2569 ι

211 2654 290 2706 nem
316 2636 795 2730 imitaretur‘dristophanis
817 2641 910 2710 enim
932 2638 1060 2710 fabulae
1080 2637 1117 2706 in
1139 2625 1286 2707 nobilis-

211 2751 309 2821 simis
325 2749 460 2848 civibus
478 2755 604 2826 acriter
619 2764 652 2827 et
672 2754 880 2852 nominatim
901 2753 1114 2825 lacessendis
1130 2752 1286 2840 plerum-

211 2885 279 2954 que
299 2879 499 2954 versantur;
530 2873 626 2962 quod
649 2874 743 2963 apud
761 2875 936 2978 Romanos
962 2870 1077 2939 satirae
1088 2867 1285 2956 aliquoties

212 2979 416 3052 concessum
453 2993 529 3069 est,·
567 2988 747 3056 cornoediae
783 2994 900 3055 autem
933 3003 1070 3072 semper
1104 3001 1192 3070 nega
1196 2987 1283 3051 tum.

210 3095 359 3165 Noverat
377 3099 520 3169 Plautus
538 3101 636 3170 triste
651 3099 756 3195 Naevii
771 3098 821 3169 iat
807 3106 894 3182 tum,
914 3103 978 3169 ne'c
994 3098 1107 3167 solum
1128 3105 1282 3208 noverat,

211 3213 271 3281 sed
291 3213 394 3282 etiam
415 3216 523 3287 irrisit
543 3215 557 3252 ²
562 3225 635 3302 ,ul
661 3218 721 3307 qui
744 3238 781 3288 se
800 3218 867 3286 tale
887 3215 1083 3306 periculum
1102 3193 1284 3318 nunquam

211 3347 286 3397 esse
295 3307 486 3436 aditurum
518 3304 753 3452 profiteretur
785 3333 887 3419 Quod
922 3332 951 3401 si
983 3347 1142 3463 unquam
1173 3326 1285 3395 aetatis

212 3577 256 3627 an
271 3579 350 3628 vere
372 3561 445 3632 det
431 3569 587 3653 tempore
606 3587 671 3636 suo
692 3566 830 3656 cogitet
843 3561 912 3634 Sic
928 3547 1063 3667 quum,
1079 3561 1116 3630 in
1142 3555 1285 3624 Bocchi-

210 3670 319 3757 dibos,
336 3695 475 3749 servum
493 3681 628 3751 inducit
644 3682 700 3751 bis
714 3681 830 3754 verbis
849 3675 1107 3752 exsultantem:
1137 3711 1143 3718 ·
1190 3709 1210 3716 w

316 3890 379 3961 Sed,
398 3900 577 3969 spectatores,
591 3912 641 3955 vos
654 3912 776 3955 nuncne
790 3894 929 3954 miremini
971 3915 974 3919 >
1011 3901 1015 3908 ·
1044 3902 1046 3906 ’
1092 3898 1095 3903 ·

317 3980 397 4048 Qu⁰d
412 3998 468 4041 ⁰⁰¹¹
482 3984 642 4060 triumph⁰3
658 3985 850 4062 pervolgatum
863 3984 909 4056 ἐι,
923 3980 963 4041 nil
976 3996 1071 4042 moros
1080 3976 1103 4039 a·

250 4192 354 4264 'Per·s.,
366 4202 411 4265 lll,
428 4207 452 4268 l,
465 4207 552 4261 67.-
565 4206 663 4262 ’Miles
672 4209 753 4272 plor„
765 4206 799 4268 ll,
813 4205 841 4273 2,
853 4202 960 4258 iit-⁸
971 4204 1111 4269 Boccotd„
1123 4201 1165 4261 ll,
1177 4200 1205 4260 9,
1222 4199 1281 4250 llil·
