3000 5220
339 302 443 353 -s

655 411 851 482 ...53-

260 572 340 640 'Istuc
353 581 466 650 lacinus,
483 582 559 656 quod
570 575 600 641 tu
615 573 768 651 insimulas,
782 588 877 641 nostro
891 576 987 657 generi
999 577 1057 644 non
1069 585 1164 660 decet,

268 677 308 732 Tu
318 673 342 732 si
352 690 397 733 me
407 673 585 749 impudicitiae
597 682 703 750 captas,
717 693 773 734 non
788 681 868 751 potes
878 691 979 750 capere
988 680 1009 733 ¹.
1057 664 1061 676 “

214 890 249 953 et
272 883 440 972 superba,
461 882 712 972 dedecorisque
730 869 931 973 impatiens,
948 885 992 955 ad
1007 883 1196 957 divortium
1213 905 1293 956 con-

214 997 303 1089 fugit
321 1021 329 1067 :

304 1154 430 1262 valeas,
442 1187 493 1247 tibi
505 1187 608 1248 habeas
621 1204 667 1247 res
680 1193 753 1262 tuas,
767 1186 868 1247 reddas
883 1203 961 1248 meas
972 1193 993 1246 ¹.

213 1386 274 1454 llla
293 1384 459 1454 Romanis
483 1384 641 1454 morihns
661 1383 795 1472 aptiora
817 1388 911 1466 sunt,
933 1390 1198 1473 quam‘utssesse
1217 1405 1293 1455 om-

213 1500 298 1570 nino
317 1523 335 1572 e
355 1502 494 1570 Graecis
510 1502 693 1589 desumpta
715 1499 873 1583 arbitrer,
894 1519 959 1570 nec
977 1521 996 1570 a
1012 1502 1169 1570 Romano
1183 1507 1291 1591 poeta

213 1603 257 1687 ad
284 1620 449 1688 Romanae
476 1617 603 1688 indolis
629 1616 819 1707 imaginem
848 1619 992 1706 paulum
1022 1616 1131 1689 fuisse
1156 1618 1291 1689 detorta

213 1714 408 1823 conjiciam.
424 1735 554 1804 Novam
570 1734 772 1802 Graecorum
788 1732 995 1801 comoediam
1013 1752 1055 1801 ex
1069 1732 1290 1822 philosophia
1310 1769 1315 1777 ·

212 1848 359 1918 traxisse
376 1849 546 1943 originem
561 1848 710 1917 scimus:
723 1847 947 1935 Philosophia
964 1852 1081 1916 autem
1099 1846 1128 1914 si
1150 1848 1290 1937 quando

211 1967 264 2039 tta
278 1968 328 2032 καὶ
340 1969 417 2036 πάθη
429 1964 606 2047 describit,
623 1963 747 2033 nonin
762 1963 1027 2052 eishaeretquae
1043 1963 1138 2054 genti
1151 1963 1289 2035 cuidam

211 2079 352 2170 propria
370 2086 454 2150 sunt
476 2100 589 2169 neque
606 2081 738 2171 exejus
754 2079 887 2149 finibus
905 2086 1106 2170 evagantur.
1135 2083 1205 2150 llas
1230 2080 1291 2150 de-

211 2197 354 2287 dignata
383 2197 475 2266 inter
502 2197 616 2266 varios
642 2197 792 2285 populos
818 2195 1017 2278 varietateS,
1049 2215 1128 2285 quae
1154 2193 1290 2268 iraturae

212 2311 384 2396 officiunt,
413 2333 477 2382 nec
498 2312 608 2403 magis
628 2312 671 2380 ad
690 2311 869 2381 hominem
892 2312 1083 2400 pertinent,
1113 2331 1219 2399 quam
1246 2315 1289 2385 ad

212 2429 367 2517 corporis
377 2427 526 2511 formam
540 2428 670 2516 quihus
683 2423 864 2495 induimur
876 2434 1001 2509 vestes,
1012 2425 1116 2498 altius
1133 2426 1176 2496 ad
1189 2446 1289 2498 meu-

211 2552 280 2614 tem
293 2545 581 2634 ipsampenetrat‚
593 2549 627 2613 et
637 2543 962 2632 illadeprehendere
972 2546 1070 2628 solet,
1084 2545 1287 2617 etinlucem
1331 2529 1337 2538 ⁶

211 2661 327 2744 edere,
364 2680 443 2749 qnae
469 2661 614 2730 immota
643 2666 843 2749 aeternaque
874 2664 979 2744 sunt,
1013 2681 1077 2733 nec
1113 2663 1286 2732 montium

210 2776 438 2848 fluminumve
457 2777 628 2859 terminis,
652 2797 717 2846 nec
736 2797 910 2848 annorum
931 2777 1020 2847 serie
1041 2777 1285 2847 immutantur.

210 2894 452 2974 Menandrum,
483 2894 543 2981 qui
569 2893 612 2963 ad
641 2893 809 2961 comicam
842 2912 982 2961 scenam
1011 2914 1030 2961 e
1057 2893 1286 2982 Theophrasti

151 3070 155 3079 .
211 3008 329 3076 schola
349 3006 532 3089 deiecerat,
550 3007 681 3095 diuque
699 3005 936 3075 Aristotelicos
952 3013 1149 3075 versaverat
1164 3008 1283 3090 libros,

211 3144 319 3213 quum
334 3123 510 3193 docendas
525 3121 661 3192 fabulas
676 3128 728 3192 est
739 3141 934 3214 aggressus
956 3122 1106 3210 aliquam
1120 3122 1288 3210 pristino-

211 3260 288 3310 rum
308 3239 505 3309 studiorum
525 3238 729 3308 memoriam
744 3237 942 3322 retinuisse,
952 3259 1190 3328 personasque
1205 3259 1287 3310 suas

211 3357 252 3424 ad
267 3355 343 3424 hacc
356 3354 551 3425 Aristotelis
565 3359 617 3428 teo
635 3356 884 3444 composuisse,
902 3356 982 3445 quis
1001 3356 1211 3426 mirabitur?
1231 3356 1287 3426 Sic

211 3472 392 3555 comoedia,
403 3471 659 3560 philosophiam
669 3473 792 3543 ducem
804 3473 1052 3561 auspicemque
1062 3474 1097 3541 in
1111 3472 1285 3563 fingendis

209 3609 439 3679 personarum
460 3588 618 3659 moribus
637 3595 766 3672 secuta,
794 3610 865 3659 uon
887 3609 925 3658 se
944 3591 1073 3658 Graecae
1097 3588 1210 3657 solum
1231 3587 1285 3656 in-

211 3705 292 3786 doli,
315 3707 386 3788 sed,
404 3705 498 3794 quod
515 3705 625 3774 multo
642 3705 792 3793 amplius
807 3712 841 3776 et
860 3705 1031 3776 excelsius
1044 3710 1106 3787 est,
1121 3705 1286 3774 humanae

211 3820 432 3908 potissimum
455 3826 590 3889 naturae
615 3821 898 3903 accommodavit,
923 3820 1172 3908 lubentinsque
1192 3827 1285 3889 retu·

210 3936 251 4005 lit
279 3957 357 4024 quae
385 3938 428 4006 ad
459 3937 640 4007 universos
668 3937 828 4006 homines
854 3937 1046 4028 generatim
1075 3943 1284 4026 spectarent.

249 4185 397 4254 ¹dmplrit.,
412 4187 445 4253 ll,
460 4187 486 4251 ἓ,
500 4189 560 4240 188.
571 4213 606 4224 -
617 4186 627 4218 ²
640 4186 767 4250 Aorphtt„
783 4186 829 4251 ΙΙΙ,
841 4186 868 4250 2,
882 4189 927 4240 ll.
