<?xml version="1.0" encoding="UTF-8"?>
<!DOCTYPE html PUBLIC "-//W3C//DTD XHTML 1.0 Transitional//EN"
    "http://www.w3.org/TR/xhtml1/DTD/xhtml1-transitional.dtd">
<html xmlns="http://www.w3.org/1999/xhtml" xml:lang="en" lang="en">
 <head>
  <title>
</title>
<meta http-equiv="Content-Type" content="text/html;charset=utf-8" />
  <meta name='ocr-system' content='tesseract 3.04.00' />
  <meta name='ocr-capabilities' content='ocr_page ocr_carea ocr_par ocr_line ocrx_word'/>
</head>
<body>
  <div class='ocr_page' id='page_1' title='image "./quomodograecosp00boisgoog_0052.png"; bbox 0 0 3000 5220; ppageno 0'>
   <div class='ocr_carea' id='block_1_1' title="bbox 605 402 800 478">
    <p class='ocr_par' dir='ltr' id='par_1_1' title="bbox 605 402 800 478">
     <span class='ocr_line' id='line_1_1' title="bbox 605 402 800 478; baseline 0 -20"><span class='ocrx_word' id='word_1_1' title='bbox 605 402 800 478; x_wconf 68' lang='lat' dir='ltr'><strong>‘-·tt--</strong></span> 
     </span>
    </p>
   </div>
   <div class='ocr_carea' id='block_1_2' title="bbox 94 571 1340 1942">
    <p class='ocr_par' dir='ltr' id='par_1_2' title="bbox 94 571 1340 1942">
     <span class='ocr_line' id='line_1_2' title="bbox 168 571 1245 663; baseline 0.004 -22"><span class='ocrx_word' id='word_1_2' title='bbox 168 571 289 655; x_wconf 79' lang='lat' dir='ltr'>irasci,</span> <span class='ocrx_word' id='word_1_3' title='bbox 320 575 544 663; x_wconf 88' lang='lat' dir='ltr'><strong>nummisque</strong></span> <span class='ocrx_word' id='word_1_4' title='bbox 564 573 638 648; x_wconf 87' lang='lat' dir='ltr'><strong>suis</strong></span> <span class='ocrx_word' id='word_1_5' title='bbox 657 573 767 663; x_wconf 90' lang='lat' dir='ltr'><strong>magis</strong></span> <span class='ocrx_word' id='word_1_6' title='bbox 785 591 890 661; x_wconf 89' lang='lat' dir='ltr'><strong>quam</strong></span> <span class='ocrx_word' id='word_1_7' title='bbox 907 573 999 643; x_wconf 88' lang='lat' dir='ltr'><strong>laesae</strong></span> <span class='ocrx_word' id='word_1_8' title='bbox 1019 571 1140 644; x_wconf 88' lang='lat' dir='ltr'><strong>virtuti</strong></span> <span class='ocrx_word' id='word_1_9' title='bbox 1158 594 1245 645; x_wconf 71' lang='lat' dir='ltr'><strong>con-</strong></span> 
     </span>
     <span class='ocr_line' id='line_1_3' title="bbox 168 685 1244 790; baseline 0.003 -31"><span class='ocrx_word' id='word_1_10' title='bbox 168 691 281 761; x_wconf 88' lang='lat' dir='ltr'><strong>sulere</strong></span> <span class='ocrx_word' id='word_1_11' title='bbox 296 685 627 790; x_wconf 78' lang='lat' dir='ltr'><strong>animadvertemus)</strong></span> <span class='ocrx_word' id='word_1_12' title='bbox 640 689 768 759; x_wconf 90' lang='lat' dir='ltr'><strong>mirum</strong></span> <span class='ocrx_word' id='word_1_13' title='bbox 782 697 836 760; x_wconf 84' lang='lat' dir='ltr'><strong>est</strong></span> <span class='ocrx_word' id='word_1_14' title='bbox 851 709 955 779; x_wconf 88' lang='lat' dir='ltr'><strong>quam</strong></span> <span class='ocrx_word' id='word_1_15' title='bbox 971 689 1040 761; x_wconf 89' lang='lat' dir='ltr'><strong>cito</strong></span> <span class='ocrx_word' id='word_1_16' title='bbox 1056 689 1244 762; x_wconf 77' lang='lat' dir='ltr'>cohibeant</span> 
     </span>
     <span class='ocr_line' id='line_1_4' title="bbox 94 803 1241 900; baseline 0.003 -25"><span class='ocrx_word' id='word_1_17' title='bbox 94 803 95 807; x_wconf 69' lang='grc'>’</span> <span class='ocrx_word' id='word_1_18' title='bbox 167 805 254 876; x_wconf 90' lang='lat' dir='ltr'><strong>iram</strong></span> <span class='ocrx_word' id='word_1_19' title='bbox 266 806 1241 900; x_wconf 84' lang='lat' dir='ltr'><strong>mitioresquesensusinduant,et,quofuerintprimum</strong></span> 
     </span>
     <span class='ocr_line' id='line_1_5' title="bbox 168 925 1241 1017; baseline 0.003 -22"><span class='ocrx_word' id='word_1_20' title='bbox 168 929 361 1017; x_wconf 82' lang='lat' dir='ltr'><strong>asperiores</strong></span> <span class='ocrx_word' id='word_1_21' title='bbox 385 936 420 1000; x_wconf 88' lang='lat' dir='ltr'><strong>et</strong></span> <span class='ocrx_word' id='word_1_22' title='bbox 443 928 648 1010; x_wconf 83' lang='lat' dir='ltr'><strong>atrociores,</strong></span> <span class='ocrx_word' id='word_1_23' title='bbox 668 947 707 997; x_wconf 90' lang='lat' dir='ltr'><strong>eo</strong></span> <span class='ocrx_word' id='word_1_24' title='bbox 727 926 763 996; x_wconf 94' lang='lat' dir='ltr'><strong>in</strong></span> <span class='ocrx_word' id='word_1_25' title='bbox 784 925 966 998; x_wconf 84' lang='lat' dir='ltr'><strong>foediorem</strong></span> <span class='ocrx_word' id='word_1_26' title='bbox 989 927 1241 1017; x_wconf 82' lang='lat' dir='ltr'><strong>indulgentiam</strong></span> 
     </span>
     <span class='ocr_line' id='line_1_6' title="bbox 169 1036 1243 1134; baseline 0.003 -22"><span class='ocrx_word' id='word_1_27' title='bbox 169 1043 384 1116; x_wconf 87' lang='lat' dir='ltr'><strong>delabantur.</strong></span> <span class='ocrx_word' id='word_1_28' title='bbox 403 1036 562 1134; x_wconf 86' lang='lat' dir='ltr'><strong>Plerique</strong></span> <span class='ocrx_word' id='word_1_29' title='bbox 582 1062 663 1112; x_wconf 91' lang='lat' dir='ltr'><strong>vero</strong></span> <span class='ocrx_word' id='word_1_30' title='bbox 679 1060 723 1113; x_wconf 91' lang='lat' dir='ltr'><strong>ne</strong></span> <span class='ocrx_word' id='word_1_31' title='bbox 740 1042 833 1111; x_wconf 89' lang='lat' dir='ltr'><strong>illam</strong></span> <span class='ocrx_word' id='word_1_32' title='bbox 853 1043 996 1132; x_wconf 88' lang='lat' dir='ltr'><strong>quidem</strong></span> <span class='ocrx_word' id='word_1_33' title='bbox 1013 1043 1164 1133; x_wconf 87' lang='lat' dir='ltr'><strong>speeiem</strong></span> <span class='ocrx_word' id='word_1_34' title='bbox 1182 1043 1243 1115; x_wconf 80' lang='lat' dir='ltr'><strong>irae</strong></span> 
     </span>
     <span class='ocr_line' id='line_1_7' title="bbox 169 1157 1242 1253; baseline 0.003 -27"><span class='ocrx_word' id='word_1_35' title='bbox 169 1159 331 1243; x_wconf 86' lang='lat' dir='ltr'><strong>retinent,</strong></span> <span class='ocrx_word' id='word_1_36' title='bbox 366 1180 456 1250; x_wconf 72' lang='lat' dir='ltr'><strong>quae,</strong></span> <span class='ocrx_word' id='word_1_37' title='bbox 489 1160 649 1250; x_wconf 90' lang='lat' dir='ltr'><strong>quamvis</strong></span> <span class='ocrx_word' id='word_1_38' title='bbox 677 1157 813 1228; x_wconf 80' lang='lat' dir='ltr'><strong>facilius</strong></span> <span class='ocrx_word' id='word_1_39' title='bbox 843 1159 1063 1253; x_wconf 77' lang='lat' dir='ltr'><strong>conticescat,</strong></span> <span class='ocrx_word' id='word_1_40' title='bbox 1093 1159 1242 1248; x_wconf 88' lang='lat' dir='ltr'><strong>patriam</strong></span> 
     </span>
     <span class='ocr_line' id='line_1_8' title="bbox 169 1275 1244 1368; baseline 0.003 -25"><span class='ocrx_word' id='word_1_41' title='bbox 169 1282 285 1363; x_wconf 86' lang='lat' dir='ltr'><strong>tamen</strong></span> <span class='ocrx_word' id='word_1_42' title='bbox 315 1277 521 1368; x_wconf 87' lang='lat' dir='ltr'><strong>dignitatem</strong></span> <span class='ocrx_word' id='word_1_43' title='bbox 552 1277 702 1366; x_wconf 86' lang='lat' dir='ltr'><strong>quodam</strong></span> <span class='ocrx_word' id='word_1_44' title='bbox 729 1275 832 1345; x_wconf 89' lang='lat' dir='ltr'><strong>modo</strong></span> <span class='ocrx_word' id='word_1_45' title='bbox 860 1281 993 1358; x_wconf 90' lang='lat' dir='ltr'><strong>tuetur,</strong></span> <span class='ocrx_word' id='word_1_46' title='bbox 1020 1275 1244 1364; x_wconf 84' lang='lat' dir='ltr'><strong>liliorumque</strong></span> 
     </span>
     <span class='ocr_line' id='line_1_9' title="bbox 168 1389 1242 1483; baseline 0.006 -27"><span class='ocrx_word' id='word_1_47' title='bbox 168 1389 374 1462; x_wconf 89' lang='lat' dir='ltr'><strong>libidinibus</strong></span> <span class='ocrx_word' id='word_1_48' title='bbox 393 1401 514 1481; x_wconf 89' lang='lat' dir='ltr'><strong>aperte</strong></span> <span class='ocrx_word' id='word_1_49' title='bbox 534 1392 714 1483; x_wconf 89' lang='lat' dir='ltr'><strong>indulgere</strong></span> <span class='ocrx_word' id='word_1_50' title='bbox 730 1408 872 1480; x_wconf 80' lang='lat' dir='ltr'><strong>aequum</strong></span> <span class='ocrx_word' id='word_1_51' title='bbox 888 1396 1045 1461; x_wconf 90' lang='lat' dir='ltr'><strong>censent.</strong></span> <span class='ocrx_word' id='word_1_52' title='bbox 1062 1390 1134 1462; x_wconf 86' lang='lat' dir='ltr'><strong>Sibi</strong></span> <span class='ocrx_word' id='word_1_53' title='bbox 1147 1391 1242 1462; x_wconf 88' lang='lat' dir='ltr'><strong>enim</strong></span> 
     </span>
     <span class='ocr_line' id='line_1_10' title="bbox 169 1508 1244 1603; baseline 0.006 -26"><span class='ocrx_word' id='word_1_54' title='bbox 169 1508 205 1579; x_wconf 95' lang='lat' dir='ltr'><strong>in</strong></span> <span class='ocrx_word' id='word_1_55' title='bbox 224 1517 375 1581; x_wconf 90' lang='lat' dir='ltr'><strong>mentem</strong></span> <span class='ocrx_word' id='word_1_56' title='bbox 394 1519 558 1584; x_wconf 89' lang='lat' dir='ltr'><strong>revocant</strong></span> <span class='ocrx_word' id='word_1_57' title='bbox 571 1532 649 1602; x_wconf 87' lang='lat' dir='ltr'><strong>quae</strong></span> <span class='ocrx_word' id='word_1_58' title='bbox 666 1510 733 1600; x_wconf 91' lang='lat' dir='ltr'><strong>ipsi</strong></span> <span class='ocrx_word' id='word_1_59' title='bbox 749 1511 938 1593; x_wconf 87' lang='lat' dir='ltr'><strong>admisere,</strong></span> <span class='ocrx_word' id='word_1_60' title='bbox 958 1511 1043 1581; x_wconf 91' lang='lat' dir='ltr'><strong>dum</strong></span> <span class='ocrx_word' id='word_1_61' title='bbox 1067 1519 1167 1582; x_wconf 89' lang='lat' dir='ltr'><strong>erant</strong></span> <span class='ocrx_word' id='word_1_62' title='bbox 1183 1512 1244 1603; x_wconf 88' lang='lat' dir='ltr'><strong>ju-</strong></span> 
     </span>
     <span class='ocr_line' id='line_1_11' title="bbox 167 1625 1243 1719; baseline 0.005 -26"><span class='ocrx_word' id='word_1_63' title='bbox 167 1643 281 1708; x_wconf 90' lang='lat' dir='ltr'><strong>venes,</strong></span> <span class='ocrx_word' id='word_1_64' title='bbox 300 1647 364 1699; x_wconf 89' lang='lat' dir='ltr'><strong>nec</strong></span> <span class='ocrx_word' id='word_1_65' title='bbox 381 1629 554 1700; x_wconf 90' lang='lat' dir='ltr'><strong>mirantur</strong></span> <span class='ocrx_word' id='word_1_66' title='bbox 574 1629 602 1698; x_wconf 90' lang='lat' dir='ltr'><strong>si</strong></span> <span class='ocrx_word' id='word_1_67' title='bbox 618 1626 786 1719; x_wconf 80' lang='lat' dir='ltr'><strong>patrissat</strong></span> <span class='ocrx_word' id='word_1_68' title='bbox 803 1627 908 1710; x_wconf 78' lang='lat' dir='ltr'><strong>silius,</strong></span> <span class='ocrx_word' id='word_1_69' title='bbox 930 1627 959 1698; x_wconf 91' lang='lat' dir='ltr'><strong>si</strong></span> <span class='ocrx_word' id='word_1_70' title='bbox 980 1633 1083 1711; x_wconf 86' lang='lat' dir='ltr'><strong>amat,</strong></span> <span class='ocrx_word' id='word_1_71' title='bbox 1101 1628 1129 1697; x_wconf 87' lang='lat' dir='ltr'><strong>si</strong></span> <span class='ocrx_word' id='word_1_72' title='bbox 1149 1625 1243 1700; x_wconf 87' lang='lat' dir='ltr'><strong>iores</strong></span> 
     </span>
     <span class='ocr_line' id='line_1_12' title="bbox 168 1739 1340 1832; baseline 0.005 -22"><span class='ocrx_word' id='word_1_73' title='bbox 168 1739 330 1832; x_wconf 81' lang='lat' dir='ltr'><strong>effringit,</strong></span> <span class='ocrx_word' id='word_1_74' title='bbox 351 1743 380 1812; x_wconf 89' lang='lat' dir='ltr'><strong>si</strong></span> <span class='ocrx_word' id='word_1_75' title='bbox 399 1746 547 1815; x_wconf 84' lang='lat' dir='ltr'><strong>amicam</strong></span> <span class='ocrx_word' id='word_1_76' title='bbox 563 1745 703 1826; x_wconf 82' lang='lat' dir='ltr'><strong>liberat3</strong></span> <span class='ocrx_word' id='word_1_77' title='bbox 722 1743 842 1813; x_wconf 89' lang='lat' dir='ltr'><strong>eadem</strong></span> <span class='ocrx_word' id='word_1_78' title='bbox 858 1762 995 1832; x_wconf 89' lang='lat' dir='ltr'><strong>nempe,</strong></span> <span class='ocrx_word' id='word_1_79' title='bbox 1014 1744 1099 1813; x_wconf 91' lang='lat' dir='ltr'><strong>dum</strong></span> <span class='ocrx_word' id='word_1_80' title='bbox 1116 1762 1242 1816; x_wconf 86' lang='lat' dir='ltr'><strong>conee-</strong></span> <span class='ocrx_word' id='word_1_81' title='bbox 1337 1793 1340 1798; x_wconf 88' lang='lat'>-</span> 
     </span>
     <span class='ocr_line' id='line_1_13' title="bbox 167 1856 539 1942; baseline 0.011 -16"><span class='ocrx_word' id='word_1_82' title='bbox 167 1856 272 1927; x_wconf 92' lang='lat' dir='ltr'><strong>debat</strong></span> <span class='ocrx_word' id='word_1_83' title='bbox 292 1866 387 1942; x_wconf 88' lang='lat' dir='ltr'><strong>aetas,</strong></span> <span class='ocrx_word' id='word_1_84' title='bbox 404 1859 539 1930; x_wconf 86' lang='lat' dir='ltr'><strong>iecere:</strong></span> 
     </span>
    </p>
   </div>
   <div class='ocr_carea' id='block_1_3' title="bbox 309 2059 990 2148">
    <p class='ocr_par' dir='ltr' id='par_1_3' title="bbox 309 2059 990 2148">
     <span class='ocr_line' id='line_1_14' title="bbox 309 2059 990 2148; baseline -0.001 -16"><span class='ocrx_word' id='word_1_85' title='bbox 309 2072 389 2148; x_wconf 82' lang='lat' dir='ltr'><strong>buri,</strong></span> <span class='ocrx_word' id='word_1_86' title='bbox 402 2074 488 2134; x_wconf 86' lang='lat' dir='ltr'><strong>habui</strong></span> <span class='ocrx_word' id='word_1_87' title='bbox 501 2059 635 2147; x_wconf 71' lang='lat' dir='ltr'><strong>scortum</strong></span> <span class='ocrx_word' id='word_1_88' title='bbox 648 2072 753 2148; x_wconf 86' lang='lat' dir='ltr'><strong>potavi,</strong></span> <span class='ocrx_word' id='word_1_89' title='bbox 767 2071 824 2147; x_wconf 88' lang='lat' dir='ltr'><strong>edi,</strong></span> <span class='ocrx_word' id='word_1_90' title='bbox 837 2071 939 2133; x_wconf 86' lang='lat' dir='ltr'><strong>donavi</strong></span> <span class='ocrx_word' id='word_1_91' title='bbox 948 2076 969 2130; x_wconf 84' lang='lat'><strong>¹.</strong></span> <span class='ocrx_word' id='word_1_92' title='bbox 988 2083 990 2086; x_wconf 76' lang='grc'>’</span> 
     </span>
    </p>
   </div>
   <div class='ocr_carea' id='block_1_4' title="bbox 164 2205 1247 2373">
    <p class='ocr_par' dir='ltr' id='par_1_4' title="bbox 164 2205 1247 2373">
     <span class='ocr_line' id='line_1_15' title="bbox 164 2205 1247 2373; baseline 0.002 -21"><span class='ocrx_word' id='word_1_93' title='bbox 164 2205 278 2352; x_wconf 54' lang='lat' dir='ltr'><strong>immo</strong></span> <span class='ocrx_word' id='word_1_94' title='bbox 294 2280 350 2351; x_wconf 90' lang='lat' dir='ltr'><strong>illa</strong></span> <span class='ocrx_word' id='word_1_95' title='bbox 371 2281 419 2352; x_wconf 89' lang='lat' dir='ltr'><strong>ita</strong></span> <span class='ocrx_word' id='word_1_96' title='bbox 433 2283 596 2353; x_wconf 89' lang='lat' dir='ltr'><strong>lubenter</strong></span> <span class='ocrx_word' id='word_1_97' title='bbox 605 2288 780 2366; x_wconf 89' lang='lat' dir='ltr'><strong>revocant,</strong></span> <span class='ocrx_word' id='word_1_98' title='bbox 797 2289 837 2354; x_wconf 92' lang='lat' dir='ltr'><strong>ut</strong></span> <span class='ocrx_word' id='word_1_99' title='bbox 852 2280 1029 2371; x_wconf 88' lang='lat' dir='ltr'><strong>praeterita</strong></span> <span class='ocrx_word' id='word_1_100' title='bbox 1044 2281 1170 2373; x_wconf 89' lang='lat' dir='ltr'><strong>gaudia</strong></span> <span class='ocrx_word' id='word_1_101' title='bbox 1185 2283 1247 2365; x_wconf 78' lang='lat' dir='ltr'><strong>do-</strong></span> 
     </span>
    </p>
   </div>
   <div class='ocr_carea' id='block_1_5' title="bbox 167 2396 1247 2604">
    <p class='ocr_par' dir='ltr' id='par_1_5' title="bbox 167 2396 1247 2604">
     <span class='ocr_line' id='line_1_16' title="bbox 167 2396 1246 2486; baseline 0 -19"><span class='ocrx_word' id='word_1_102' title='bbox 167 2398 339 2483; x_wconf 84' lang='lat' dir='ltr'><strong>siderare,</strong></span> <span class='ocrx_word' id='word_1_103' title='bbox 362 2406 411 2483; x_wconf 90' lang='lat' dir='ltr'><strong>et,</strong></span> <span class='ocrx_word' id='word_1_104' title='bbox 426 2400 455 2468; x_wconf 88' lang='lat' dir='ltr'><strong>si</strong></span> <span class='ocrx_word' id='word_1_105' title='bbox 473 2399 590 2482; x_wconf 90' lang='lat' dir='ltr'><strong>liceat,</strong></span> <span class='ocrx_word' id='word_1_106' title='bbox 610 2399 867 2469; x_wconf 90' lang='lat' dir='ltr'><strong>instauraturos</strong></span> <span class='ocrx_word' id='word_1_107' title='bbox 884 2417 959 2467; x_wconf 87' lang='lat' dir='ltr'><strong>esse</strong></span> <span class='ocrx_word' id='word_1_108' title='bbox 974 2396 1174 2486; x_wconf 88' lang='lat' dir='ltr'><strong>suspiceris.</strong></span> <span class='ocrx_word' id='word_1_109' title='bbox 1190 2397 1246 2470; x_wconf 89' lang='lat' dir='ltr'><strong>Sia</strong></span> 
     </span>
     <span class='ocr_line' id='line_1_17' title="bbox 168 2493 1247 2604; baseline -0.004 -15"><span class='ocrx_word' id='word_1_110' title='bbox 168 2493 386 2604; x_wconf 76' lang='lat' dir='ltr'><strong>Demaeoetes</strong></span> <span class='ocrx_word' id='word_1_111' title='bbox 402 2514 463 2584; x_wconf 87' lang='lat' dir='ltr'><strong>filii</strong></span> <span class='ocrx_word' id='word_1_112' title='bbox 480 2514 534 2584; x_wconf 93' lang='lat' dir='ltr'><strong>sui</strong></span> <span class='ocrx_word' id='word_1_113' title='bbox 551 2515 741 2598; x_wconf 88' lang='lat' dir='ltr'><strong>amoribus,</strong></span> <span class='ocrx_word' id='word_1_114' title='bbox 763 2514 923 2586; x_wconf 82' lang='lat' dir='ltr'><strong>fraudata</strong></span> <span class='ocrx_word' id='word_1_115' title='bbox 937 2534 1057 2597; x_wconf 85' lang='lat' dir='ltr'><strong>uxore,</strong></span> <span class='ocrx_word' id='word_1_116' title='bbox 1077 2534 1247 2604; x_wconf 87' lang='lat' dir='ltr'><strong>suppara-</strong></span> 
     </span>
    </p>
   </div>
   <div class='ocr_carea' id='block_1_6' title="bbox 168 2629 1244 2723">
    <p class='ocr_par' dir='ltr' id='par_1_6' title="bbox 168 2629 1244 2723">
     <span class='ocr_line' id='line_1_18' title="bbox 168 2629 1244 2723; baseline 0.002 -23"><span class='ocrx_word' id='word_1_117' title='bbox 168 2629 304 2712; x_wconf 88' lang='lat' dir='ltr'><strong>sitatur‚</strong></span> <span class='ocrx_word' id='word_1_118' title='bbox 316 2638 349 2701; x_wconf 93' lang='lat' dir='ltr'><strong>et</strong></span> <span class='ocrx_word' id='word_1_119' title='bbox 364 2629 612 2720; x_wconf 79' lang='lat' dir='ltr'><strong>vipiatc‘miaas</strong></span> <span class='ocrx_word' id='word_1_120' title='bbox 624 2629 726 2699; x_wconf 73' lang='lat' dir='ltr'><strong>boreos</strong></span> <span class='ocrx_word' id='word_1_121' title='bbox 736 2630 938 2722; x_wconf 81' lang='lat' dir='ltr'><strong>malaopera</strong></span> <span class='ocrx_word' id='word_1_122' title='bbox 948 2640 1069 2723; x_wconf 81' lang='lat' dir='ltr'><strong>partas</strong></span> <span class='ocrx_word' id='word_1_123' title='bbox 1079 2632 1244 2723; x_wconf 78' lang='lat' dir='ltr'><strong>suggerit,</strong></span> 
     </span>
    </p>
   </div>
   <div class='ocr_carea' id='block_1_7' title="bbox 167 2748 1247 2957">
    <p class='ocr_par' dir='ltr' id='par_1_7' title="bbox 167 2748 1247 2957">
     <span class='ocr_line' id='line_1_19' title="bbox 168 2748 1247 2840; baseline 0.002 -21"><span class='ocrx_word' id='word_1_124' title='bbox 168 2748 229 2819; x_wconf 87' lang='lat' dir='ltr'><strong>sed</strong></span> <span class='ocrx_word' id='word_1_125' title='bbox 244 2767 283 2818; x_wconf 89' lang='lat' dir='ltr'><strong>ea</strong></span> <span class='ocrx_word' id='word_1_126' title='bbox 299 2755 435 2819; x_wconf 89' lang='lat' dir='ltr'><strong>tantum</strong></span> <span class='ocrx_word' id='word_1_127' title='bbox 448 2749 522 2840; x_wconf 91' lang='lat' dir='ltr'><strong>lege</strong></span> <span class='ocrx_word' id='word_1_128' title='bbox 537 2755 578 2819; x_wconf 93' lang='lat' dir='ltr'><strong>ut</strong></span> <span class='ocrx_word' id='word_1_129' title='bbox 590 2749 626 2819; x_wconf 93' lang='lat' dir='ltr'><strong>in</strong></span> <span class='ocrx_word' id='word_1_130' title='bbox 645 2756 778 2838; x_wconf 91' lang='lat' dir='ltr'><strong>partem</strong></span> <span class='ocrx_word' id='word_1_131' title='bbox 789 2763 950 2821; x_wconf 90' lang='lat' dir='ltr'><strong>amorum</strong></span> <span class='ocrx_word' id='word_1_132' title='bbox 965 2750 1091 2834; x_wconf 90' lang='lat' dir='ltr'><strong>veniat,</strong></span> <span class='ocrx_word' id='word_1_133' title='bbox 1104 2749 1247 2831; x_wconf 82' lang='lat' dir='ltr'><strong>foedam·</strong></span> 
     </span>
     <span class='ocr_line' id='line_1_20' title="bbox 167 2864 1243 2957; baseline 0.003 -22"><span class='ocrx_word' id='word_1_134' title='bbox 167 2885 235 2954; x_wconf 88' lang='lat' dir='ltr'><strong>que</strong></span> <span class='ocrx_word' id='word_1_135' title='bbox 254 2864 345 2934; x_wconf 91' lang='lat' dir='ltr'><strong>hanc</strong></span> <span class='ocrx_word' id='word_1_136' title='bbox 364 2865 600 2936; x_wconf 91' lang='lat' dir='ltr'><strong>conditionem</strong></span> <span class='ocrx_word' id='word_1_137' title='bbox 615 2865 686 2937; x_wconf 90' lang='lat' dir='ltr'><strong>filio</strong></span> <span class='ocrx_word' id='word_1_138' title='bbox 699 2865 834 2938; x_wconf 83' lang='lat' dir='ltr'><strong>deferre</strong></span> <span class='ocrx_word' id='word_1_139' title='bbox 846 2875 945 2957; x_wconf 86' lang='lat' dir='ltr'><strong>pater</strong></span> <span class='ocrx_word' id='word_1_140' title='bbox 960 2886 1033 2939; x_wconf 93' lang='lat' dir='ltr'><strong>non</strong></span> <span class='ocrx_word' id='word_1_141' title='bbox 1049 2867 1243 2939; x_wconf 83' lang='lat' dir='ltr'><strong>erubescit:</strong></span> 
     </span>
    </p>
   </div>
   <div class='ocr_carea' id='block_1_8' title="bbox 239 3075 1192 3259">
    <p class='ocr_par' dir='ltr' id='par_1_8' title="bbox 239 3075 1192 3259">
     <span class='ocr_line' id='line_1_21' title="bbox 239 3075 1145 3154; baseline 0.002 -18"><span class='ocrx_word' id='word_1_142' title='bbox 239 3081 328 3151; x_wconf 89' lang='lat' dir='ltr'><strong>Unum</strong></span> <span class='ocrx_word' id='word_1_143' title='bbox 342 3077 416 3137; x_wconf 90' lang='lat' dir='ltr'><strong>hunc</strong></span> <span class='ocrx_word' id='word_1_144' title='bbox 430 3076 506 3137; x_wconf 89' lang='lat' dir='ltr'><strong>diem</strong></span> <span class='ocrx_word' id='word_1_145' title='bbox 521 3082 679 3154; x_wconf 84' lang='lat' dir='ltr'><strong>perpetem,</strong></span> <span class='ocrx_word' id='word_1_146' title='bbox 693 3075 826 3152; x_wconf 83' lang='lat' dir='ltr'><strong>quoniam</strong></span> <span class='ocrx_word' id='word_1_147' title='bbox 839 3077 1067 3154; x_wconf 65' lang='lat' dir='ltr'><strong>tibipotestatem</strong></span> <span class='ocrx_word' id='word_1_148' title='bbox 1080 3077 1145 3138; x_wconf 92' lang='lat' dir='ltr'><strong>dedi</strong></span> 
     </span>
     <span class='ocr_line' id='line_1_22' title="bbox 239 3167 1192 3259; baseline 0 -33"><span class='ocrx_word' id='word_1_149' title='bbox 239 3170 308 3227; x_wconf 81' lang='lat' dir='ltr'><strong>Cum</strong></span> <span class='ocrx_word' id='word_1_150' title='bbox 321 3167 374 3227; x_wconf 88' lang='lat' dir='ltr'><strong>bae</strong></span> <span class='ocrx_word' id='word_1_151' title='bbox 388 3183 492 3229; x_wconf 86' lang='lat' dir='ltr'><strong>annum</strong></span> <span class='ocrx_word' id='word_1_152' title='bbox 504 3172 535 3227; x_wconf 88' lang='lat' dir='ltr'><strong>ut</strong></span> <span class='ocrx_word' id='word_1_153' title='bbox 548 3182 633 3240; x_wconf 88' lang='lat' dir='ltr'><strong>esses,</strong></span> <span class='ocrx_word' id='word_1_154' title='bbox 647 3172 729 3259; x_wconf 89' lang='lat' dir='ltr'><strong>atque</strong></span> <span class='ocrx_word' id='word_1_155' title='bbox 744 3168 848 3226; x_wconf 90' lang='lat' dir='ltr'><strong>amanti</strong></span> <span class='ocrx_word' id='word_1_156' title='bbox 864 3167 972 3242; x_wconf 81' lang='lat' dir='ltr'><strong>argenti</strong></span> <span class='ocrx_word' id='word_1_157' title='bbox 986 3167 1040 3227; x_wconf 86' lang='lat' dir='ltr'><strong>leci</strong></span> <span class='ocrx_word' id='word_1_158' title='bbox 1054 3167 1192 3244; x_wconf 82' lang='lat' dir='ltr'><strong>copiam¹.</strong></span> 
     </span>
    </p>
   </div>
   <div class='ocr_carea' id='block_1_9' title="bbox 168 3381 1247 4055">
    <p class='ocr_par' dir='ltr' id='par_1_9' title="bbox 168 3372 1247 4055">
     <span class='ocr_line' id='line_1_23' title="bbox 216 3381 1240 3473; baseline 0.001 -21"><span class='ocrx_word' id='word_1_159' title='bbox 216 3381 395 3468; x_wconf 84' lang='lat' dir='ltr'><strong>Quantum</strong></span> <span class='ocrx_word' id='word_1_160' title='bbox 424 3381 508 3452; x_wconf 89' lang='lat' dir='ltr'><strong>huic</strong></span> <span class='ocrx_word' id='word_1_161' title='bbox 533 3381 746 3471; x_wconf 76' lang='lat' dir='ltr'><strong>turpissimae</strong></span> <span class='ocrx_word' id='word_1_162' title='bbox 773 3381 982 3452; x_wconf 87' lang='lat' dir='ltr'><strong>Demaenetis</strong></span> <span class='ocrx_word' id='word_1_163' title='bbox 1010 3381 1240 3473; x_wconf 74' lang='lat' dir='ltr'><strong>indulgentia</strong></span> 
     </span>
     <span class='ocr_line' id='line_1_24' title="bbox 169 3497 1246 3589; baseline 0 -22"><span class='ocrx_word' id='word_1_164' title='bbox 169 3497 415 3589; x_wconf 87' lang='lat' dir='ltr'><strong>repugnaverit</strong></span> <span class='ocrx_word' id='word_1_165' title='bbox 441 3498 612 3587; x_wconf 82' lang='lat' dir='ltr'><strong>exquisita</strong></span> <span class='ocrx_word' id='word_1_166' title='bbox 636 3498 818 3568; x_wconf 89' lang='lat' dir='ltr'><strong>Menandri</strong></span> <span class='ocrx_word' id='word_1_167' title='bbox 840 3499 1112 3587; x_wconf 88' lang='lat' dir='ltr'><strong>Graecorumque</strong></span> <span class='ocrx_word' id='word_1_168' title='bbox 1136 3498 1246 3568; x_wconf 92' lang='lat' dir='ltr'><strong>comi·</strong></span> 
     </span>
     <span class='ocr_line' id='line_1_25' title="bbox 169 3613 1245 3705; baseline 0.004 -21"><span class='ocrx_word' id='word_1_169' title='bbox 169 3635 288 3685; x_wconf 91' lang='lat' dir='ltr'><strong>corum</strong></span> <span class='ocrx_word' id='word_1_170' title='bbox 302 3613 494 3698; x_wconf 89' lang='lat' dir='ltr'><strong>urbanitas,</strong></span> <span class='ocrx_word' id='word_1_171' title='bbox 507 3616 672 3704; x_wconf 88' lang='lat' dir='ltr'><strong>quoniam</strong></span> <span class='ocrx_word' id='word_1_172' title='bbox 684 3615 750 3704; x_wconf 91' lang='lat' dir='ltr'><strong>ipsi</strong></span> <span class='ocrx_word' id='word_1_173' title='bbox 762 3626 943 3705; x_wconf 89' lang='lat' dir='ltr'><strong>nequount</strong></span> <span class='ocrx_word' id='word_1_174' title='bbox 955 3615 991 3684; x_wconf 94' lang='lat' dir='ltr'><strong>in</strong></span> <span class='ocrx_word' id='word_1_175' title='bbox 1005 3615 1245 3688; x_wconf 87' lang='lat' dir='ltr'><strong>testimoninm</strong></span> 
     </span>
     <span class='ocr_line' id='line_1_26' title="bbox 168 3730 1247 3821; baseline 0.001 -19"><span class='ocrx_word' id='word_1_176' title='bbox 168 3730 337 3814; x_wconf 90' lang='lat' dir='ltr'><strong>adhiberi,</strong></span> <span class='ocrx_word' id='word_1_177' title='bbox 356 3730 539 3801; x_wconf 88' lang='lat' dir='ltr'><strong>Terentius</strong></span> <span class='ocrx_word' id='word_1_178' title='bbox 556 3731 677 3802; x_wconf 88' lang='lat' dir='ltr'><strong>saltem</strong></span> <span class='ocrx_word' id='word_1_179' title='bbox 696 3732 928 3821; x_wconf 88' lang='lat' dir='ltr'><strong>profitebitur.</strong></span> <span class='ocrx_word' id='word_1_180' title='bbox 952 3731 1012 3801; x_wconf 90' lang='lat' dir='ltr'><strong>llle</strong></span> <span class='ocrx_word' id='word_1_181' title='bbox 1029 3731 1122 3801; x_wconf 92' lang='lat' dir='ltr'><strong>enim</strong></span> <span class='ocrx_word' id='word_1_182' title='bbox 1138 3733 1247 3803; x_wconf 90' lang='lat' dir='ltr'><strong>bene·</strong></span> 
     </span>
     <span class='ocr_line' id='line_1_27' title="bbox 168 3846 1245 3938; baseline 0.005 -21"><span class='ocrx_word' id='word_1_183' title='bbox 168 3847 279 3929; x_wconf 87' lang='lat' dir='ltr'><strong>volas,</strong></span> <span class='ocrx_word' id='word_1_184' title='bbox 306 3848 397 3916; x_wconf 89' lang='lat' dir='ltr'><strong>salva</strong></span> <span class='ocrx_word' id='word_1_185' title='bbox 424 3847 607 3938; x_wconf 88' lang='lat' dir='ltr'><strong>dignitate,</strong></span> <span class='ocrx_word' id='word_1_186' title='bbox 625 3855 743 3937; x_wconf 88' lang='lat' dir='ltr'><strong>patres</strong></span> <span class='ocrx_word' id='word_1_187' title='bbox 758 3846 900 3930; x_wconf 84' lang='lat' dir='ltr'><strong>effinxit,</strong></span> <span class='ocrx_word' id='word_1_188' title='bbox 922 3847 1053 3937; x_wconf 89' lang='lat' dir='ltr'><strong>quique</strong></span> <span class='ocrx_word' id='word_1_189' title='bbox 1068 3853 1190 3918; x_wconf 88' lang='lat' dir='ltr'><strong>essent</strong></span> <span class='ocrx_word' id='word_1_190' title='bbox 1201 3847 1245 3922; x_wconf 86' lang='lat' dir='ltr'><strong>ad</strong></span> 
     </span>
     <span class='ocr_line' id='line_1_28' title="bbox 170 3959 1246 4055; baseline 0.003 -23"><span class='ocrx_word' id='word_1_191' title='bbox 170 3964 421 4054; x_wconf 87' lang='lat' dir='ltr'><strong>ignoscendum</strong></span> <span class='ocrx_word' id='word_1_192' title='bbox 438 3959 679 4052; x_wconf 84' lang='lat' dir='ltr'><strong>procliviores,</strong></span> <span class='ocrx_word' id='word_1_193' title='bbox 706 3986 820 4055; x_wconf 89' lang='lat' dir='ltr'><strong>neque</strong></span> <span class='ocrx_word' id='word_1_194' title='bbox 837 3971 954 4036; x_wconf 90' lang='lat' dir='ltr'><strong>tamen</strong></span> <span class='ocrx_word' id='word_1_195' title='bbox 972 3964 1136 4036; x_wconf 89' lang='lat' dir='ltr'><strong>libidines</strong></span> <span class='ocrx_word' id='word_1_196' title='bbox 1153 3963 1246 4035; x_wconf 88' lang='lat' dir='ltr'><strong>filio·</strong></span> 
     </span>
    </p>
   </div>
   <div class='ocr_carea' id='block_1_10' title="bbox 208 4208 841 4277">
    <p class='ocr_par' dir='ltr' id='par_1_10' title="bbox 208 4208 841 4277">
     <span class='ocr_line' id='line_1_29' title="bbox 208 4208 841 4277; baseline 0.006 -15"><span class='ocrx_word' id='word_1_197' title='bbox 208 4208 398 4276; x_wconf 74' lang='grc' dir='ltr'><strong>111αεο1ι.,11’,</strong></span> <span class='ocrx_word' id='word_1_198' title='bbox 415 4213 459 4275; x_wconf 83' lang='lat' dir='ltr'><strong>to,</strong></span> <span class='ocrx_word' id='word_1_199' title='bbox 473 4213 544 4264; x_wconf 82' lang='grc'><strong>6.-</strong></span> <span class='ocrx_word' id='word_1_200' title='bbox 559 4211 570 4246; x_wconf 84' lang='lat'><strong>¹</strong></span> <span class='ocrx_word' id='word_1_201' title='bbox 585 4216 669 4277; x_wconf 66' lang='lat' dir='ltr'><strong>Asin„</strong></span> <span class='ocrx_word' id='word_1_202' title='bbox 685 4213 717 4275; x_wconf 81' lang='lat' dir='ltr'><strong>V,</strong></span> <span class='ocrx_word' id='word_1_203' title='bbox 733 4214 758 4277; x_wconf 90' lang='grc'><strong>1,</strong></span> <span class='ocrx_word' id='word_1_204' title='bbox 773 4214 816 4266; x_wconf 82' lang='lat' dir='ltr'><strong>to.</strong></span> <span class='ocrx_word' id='word_1_205' title='bbox 839 4219 841 4225; x_wconf 82' lang='grc'><em>’</em></span> 
     </span>
    </p>
   </div>
   <div class='ocr_carea' id='block_1_11' title="bbox 0 0 1505 5220">
    <p class='ocr_par' dir='ltr' id='par_1_11' title="bbox 0 0 1505 5220">
     <span class='ocr_line' id='line_1_30' title="bbox 0 0 1505 5220; baseline 0 0"><span class='ocrx_word' id='word_1_206' title='bbox 0 0 1505 5220; x_wconf 95' lang='lat' dir='ltr'><strong> </strong></span> 
     </span>
    </p>
   </div>
  </div>
 </body>
</html>
