3000 5220
650 436 844 508 ..29..

211 605 288 676 ritis
317 605 392 676 suis
421 604 528 676 effuse
555 606 725 689 laetantes,
753 627 840 695 quas
868 607 944 677 sine
965 608 1100 677 maritis
1133 617 1202 678 tam
1230 612 1286 701 pie

211 721 310 812 queri
328 721 583 804 audiveramus,
608 723 751 792 maritos
777 731 892 793 tamen
912 725 1054 795 Plautus
1070 733 1103 795 et
1119 726 1285 818 conjuges

115 902 120 911 .
210 838 255 908 ab
280 837 390 909 oculis
415 846 651 927 spectatorum
669 847 780 922 ercet,
805 847 839 910 et
861 841 954 910 domi
981 842 1083 932 jubet
1115 844 1283 932 gaudere,

211 972 329 1026 servos
349 955 481 1024 scilicet
497 957 726 1025 comissantes
743 963 778 1026 et
792 957 937 1027 ridicule
955 958 1120 1028 saltantes
1134 960 1287 1048 produc-

212 1076 323 1142 turus.
337 1071 419 1158 Qui‚
433 1092 542 1159 quum
554 1074 658 1142 semel
671 1072 768 1142 suere
783 1093 899 1142 coram
914 1075 1014 1162 plebe
1029 1075 1188 1163 expositi,
1201 1075 1286 1147 adeo

211 1193 283 1260 tota
303 1209 409 1260 scena
422 1189 618 1280 potiuntur,
636 1199 676 1260 ut
688 1211 762 1260 eam
780 1189 855 1260 sine
870 1190 1130 1262 intermissione
1256 1187 1258 1191 ’

441 1410 534 1467 Donec
548 1411 646 1468 cantor
656 1426 664 1466 ε
676 1423 724 1466 vos
739 1405 874 1483 plaudite,
887 1405 961 1466 dicat

212 1599 402 1683 obtineant,
413 1619 478 1670 nec
490 1620 643 1689 unquam
656 1600 852 1689 interrupta
864 1601 1021 1672 resarciri
1034 1601 1146 1690 possit
1158 1600 1286 1686 fabula,

211 1724 246 1787 et
263 1737 282 1785 e
299 1736 478 1787 servorum
496 1717 599 1807 nugis
615 1716 651 1784 in
673 1717 897 1787 dominorum
915 1716 1005 1786 facta
1022 1718 1221 1809 remigrare.

258 1827 309 1901 Illi
326 1835 418 1904 enim
435 1834 575 1904 serviles
591 1833 772 1922 triumphi,
786 1834 905 1917 invita,
920 1842 956 1903 ut
971 1835 1019 1901 ita
1031 1834 1156 1914 dicam,
1172 1832 1288 1903 fabula

210 1944 323 2015 insius
348 1946 521 2034 producti,
549 1947 685 2034 plebem
707 1946 939 2027 oblectabant,
964 1965 1035 2013 non
1064 1946 1165 2014 modo
1193 1946 1287 2033 quod

99 2148 103 2153 Ι
209 2063 389 2131 Romanus
415 2069 604 2150 spectator,
633 2082 741 2150 quum
770 2070 860 2130 esset
889 2063 1095 2150 plerumque
1123 2069 1224 2150 potos
1255 2069 1287 2128 et

208 2175 323 2258 ecclesa,
340 2179 561 2247 convivantes
582 2186 616 2247 et
632 2179 841 2246 temulentos
859 2180 974 2247 studio
993 2179 1145 2266 quodam
1164 2198 1285 2268 prose-

210 2301 385 2381 queretur,
403 2295 463 2363 sed
480 2294 572 2383 quod
591 2314 764 2382 nusquam
783 2295 978 2382 protervius
998 2302 1099 2382 poeta
1118 2295 1154 2361 in
1173 2295 1282 2364 risum

208 2410 350 2480 verterit
380 2410 582 2499 gravitatem
610 2410 700 2477 hanc
732 2418 766 2478 et
799 2410 1015 2498 dignitatern,
1040 2411 1184 2479 virtutes
1205 2429 1284 2479 vere

208 2527 382 2616 patricias,
403 2545 481 2614 quae
498 2525 656 2612 quamvis
674 2524 769 2592 omni
787 2532 912 2615 togatae
928 2526 1022 2614 genti
1045 2525 1282 2609 convenirent,

210 2643 473 2724 meliustamen
501 2640 686 2731 aptiusque
704 2660 783 2710 cum
805 2640 911 2731 hujus
932 2641 1063 2709 ordinis
1080 2641 1284 2711 auctoritate

209 2759 513 2828 consociabantur.
539 2759 607 2827 Nec
634 2756 781 2827 dubium
811 2763 864 2826 est
888 2757 974 2845 quin
1000 2758 1156 2825 Romana
1186 2757 1298 2846 plehs'

209 2871 245 2942 in
266 2875 410 2962 plausus
431 2873 594 2963 eruperit,
621 2893 730 2961 quum
751 2873 883 2943 videret
904 2873 1137 2961 nequissimos
1157 2880 1191 2943 ot
1205 2894 1286 2962 pra-

208 2988 369 3058 vissimos
388 2989 571 3058 hominum
588 3008 625 3057 se
645 2990 687 3055 ad
712 2989 891 3076 patriciam
913 2990 1117 3081 dignitatem
1136 2980 1286 3058 evehen-

210 3111 277 3185 tes;
295 3103 449 3192 dumque
468 3103 617 3191 pessime
637 3101 725 3171 sacta
743 3103 999 3188 machinantur,
1022 3105 1138 3195 gravia
1162 3104 1197 3173 et
1214 3102 1285 3174 fere

210 3220 382 3291 senatoria
399 3221 504 3289 verba
519 3219 735 3309 proferentes
757 3221 902 3291 audiret.
927 3223 968 3290 Hi
987 3222 1080 3291 enirn
1096 3222 1138 3290 ad
1153 3220 1284 3289 nullam

209 3354 246 3406 se
268 3338 456 3426 accingunt
475 3335 644 3419 fraudem,
666 3338 752 3424 quin
777 3338 842 3408 rite
866 3347 900 3408 et
923 3340 1082 3430 religiose
1096 3337 1285 3425 conceptis·

209 3475 277 3545 que
290 3454 405 3525 verbis
423 3454 669 3542 auspicentur:

314 3672 381 3741 Quae
392 3685 439 3729 res
451 3669 523 3729 hene
537 3675 627 3729 vortat
642 3668 766 3744 mihique
780 3673 808 3728 et
823 3668 874 3727 tibi
888 3673 916 3728 et
928 3667 1017 3727 ventri
1031 3683 1095 3727 meo
1106 3671 1125 3722 ¹.

209 3876 297 3944 Turn
324 3873 445 3945 iraude
471 3874 514 3943 ad
542 3872 676 3943 felicem
700 3872 868 3961 perducta
898 3873 1046 3958 exitum,
1076 3869 1280 3963 pontificum

208 4010 329 4080 preces
347 3992 483 4077 imitati,

245 4225 254 4260 ¹
270 4221 356 4287 Pers„
372 4228 416 4291 ΙΙΙ,
431 4241 450 4281 1.
466 4231 491 4282 Ι.
