<?xml version="1.0" encoding="UTF-8"?>
<!DOCTYPE html PUBLIC "-//W3C//DTD XHTML 1.0 Transitional//EN"
    "http://www.w3.org/TR/xhtml1/DTD/xhtml1-transitional.dtd">
<html xmlns="http://www.w3.org/1999/xhtml" xml:lang="en" lang="en">
 <head>
  <title>
</title>
<meta http-equiv="Content-Type" content="text/html;charset=utf-8" />
  <meta name='ocr-system' content='tesseract 3.04.00' />
  <meta name='ocr-capabilities' content='ocr_page ocr_carea ocr_par ocr_line ocrx_word'/>
</head>
<body>
  <div class='ocr_page' id='page_1' title='image "./quomodograecosp00boisgoog_0070.png"; bbox 0 0 3000 5220; ppageno 0'>
   <div class='ocr_carea' id='block_1_1' title="bbox 652 416 848 488">
    <p class='ocr_par' dir='ltr' id='par_1_1' title="bbox 652 416 848 488">
     <span class='ocr_line' id='line_1_1' title="bbox 652 416 848 488; baseline 0 -20"><span class='ocrx_word' id='word_1_1' title='bbox 652 416 848 488; x_wconf 82' lang='lat'>..59-</span> 
     </span>
    </p>
   </div>
   <div class='ocr_carea' id='block_1_2' title="bbox 209 584 1286 1598">
    <p class='ocr_par' dir='ltr' id='par_1_2' title="bbox 209 584 1286 1598">
     <span class='ocr_line' id='line_1_2' title="bbox 209 584 1283 678; baseline -0.005 -19"><span class='ocrx_word' id='word_1_2' title='bbox 209 587 316 678; x_wconf 92' lang='lat' dir='ltr'>pulus</span> <span class='ocrx_word' id='word_1_3' title='bbox 334 584 460 656; x_wconf 88' lang='lat' dir='ltr'>litteris</span> <span class='ocrx_word' id='word_1_4' title='bbox 487 584 664 653; x_wconf 89' lang='lat' dir='ltr'>conciliari</span> <span class='ocrx_word' id='word_1_5' title='bbox 685 592 832 673; x_wconf 87' lang='lat' dir='ltr'>poterat.</span> <span class='ocrx_word' id='word_1_6' title='bbox 854 585 970 670; x_wconf 84' lang='lat' dir='ltr'>Quum</span> <span class='ocrx_word' id='word_1_7' title='bbox 989 604 1071 656; x_wconf 87' lang='lat' dir='ltr'>vero</span> <span class='ocrx_word' id='word_1_8' title='bbox 1091 584 1203 675; x_wconf 82' lang='lat' dir='ltr'>riguit</span> <span class='ocrx_word' id='word_1_9' title='bbox 1218 585 1283 655; x_wconf 89' lang='lat' dir='ltr'>alia</span> 
     </span>
     <span class='ocr_line' id='line_1_3' title="bbox 210 699 1283 791; baseline -0.001 -19"><span class='ocrx_word' id='word_1_10' title='bbox 210 702 371 773; x_wconf 87' lang='lat' dir='ltr'>imitandi</span> <span class='ocrx_word' id='word_1_11' title='bbox 386 700 485 782; x_wconf 90' lang='lat' dir='ltr'>ratio,</span> <span class='ocrx_word' id='word_1_12' title='bbox 505 699 639 769; x_wconf 83' lang='lat' dir='ltr'><strong>doctior</strong></span> <span class='ocrx_word' id='word_1_13' title='bbox 655 705 688 769; x_wconf 90' lang='lat' dir='ltr'>ct</span> <span class='ocrx_word' id='word_1_14' title='bbox 704 701 883 784; x_wconf 79' lang='lat' dir='ltr'>urbanior,</span> <span class='ocrx_word' id='word_1_15' title='bbox 901 720 1010 790; x_wconf 89' lang='lat' dir='ltr'>quum</span> <span class='ocrx_word' id='word_1_16' title='bbox 1024 702 1133 770; x_wconf 88' lang='lat' dir='ltr'>Graeci</span> <span class='ocrx_word' id='word_1_17' title='bbox 1148 702 1283 791; x_wconf 92' lang='lat' dir='ltr'>lepores</span> 
     </span>
     <span class='ocr_line' id='line_1_4' title="bbox 209 797 1283 906; baseline 0.002 -21"><span class='ocrx_word' id='word_1_18' title='bbox 209 797 467 888; x_wconf 57' lang='lat' dir='ltr'>fuerc&#39;tandem</span> <span class='ocrx_word' id='word_1_19' title='bbox 496 815 532 884; x_wconf 93' lang='lat' dir='ltr'>in</span> <span class='ocrx_word' id='word_1_20' title='bbox 558 816 701 885; x_wconf 88' lang='lat' dir='ltr'>latinam</span> <span class='ocrx_word' id='word_1_21' title='bbox 723 835 862 886; x_wconf 83' lang='lat' dir='ltr'><strong>scenam</strong></span> <span class='ocrx_word' id='word_1_22' title='bbox 888 817 1002 901; x_wconf 88' lang='lat' dir='ltr'>delati,</span> <span class='ocrx_word' id='word_1_23' title='bbox 1022 817 1205 906; x_wconf 85' lang='lat' dir='ltr'><strong>plausibus</strong></span> <span class='ocrx_word' id='word_1_24' title='bbox 1224 837 1283 887; x_wconf 91' lang='lat' dir='ltr'>eos</span> 
     </span>
     <span class='ocr_line' id='line_1_5' title="bbox 211 931 1284 1023; baseline 0.001 -21"><span class='ocrx_word' id='word_1_25' title='bbox 211 952 376 1023; x_wconf 78' lang='lat' dir='ltr'>excepere</span> <span class='ocrx_word' id='word_1_26' title='bbox 394 931 540 1013; x_wconf 90' lang='lat' dir='ltr'>eruditi;</span> <span class='ocrx_word' id='word_1_27' title='bbox 564 932 624 1000; x_wconf 89' lang='lat' dir='ltr'>sed</span> <span class='ocrx_word' id='word_1_28' title='bbox 647 931 788 1001; x_wconf 88' lang='lat' dir='ltr'>evanuit</span> <span class='ocrx_word' id='word_1_29' title='bbox 807 932 864 999; x_wconf 92' lang='lat' dir='ltr'>illa</span> <span class='ocrx_word' id='word_1_30' title='bbox 885 933 996 1020; x_wconf 88' lang='lat' dir='ltr'>plebis</span> <span class='ocrx_word' id='word_1_31' title='bbox 1017 941 1051 1002; x_wconf 90' lang='lat' dir='ltr'>ct</span> <span class='ocrx_word' id='word_1_32' title='bbox 1069 938 1182 1021; x_wconf 87' lang='lat' dir='ltr'>poetae</span> <span class='ocrx_word' id='word_1_33' title='bbox 1199 953 1284 1003; x_wconf 93' lang='lat' dir='ltr'>con-</span> 
     </span>
     <span class='ocr_line' id='line_1_6' title="bbox 211 1045 1284 1137; baseline -0.001 -20"><span class='ocrx_word' id='word_1_34' title='bbox 211 1047 340 1131; x_wconf 90' lang='lat' dir='ltr'>cordia,</span> <span class='ocrx_word' id='word_1_35' title='bbox 351 1047 407 1117; x_wconf 91' lang='lat' dir='ltr'>ille</span> <span class='ocrx_word' id='word_1_36' title='bbox 420 1045 653 1135; x_wconf 81' lang='lat' dir='ltr'>spectantium</span> <span class='ocrx_word' id='word_1_37' title='bbox 667 1065 747 1116; x_wconf 91' lang='lat' dir='ltr'>cum</span> <span class='ocrx_word' id='word_1_38' title='bbox 761 1046 924 1134; x_wconf 87' lang='lat' dir='ltr'>spectatis</span> <span class='ocrx_word' id='word_1_39' title='bbox 936 1067 1139 1131; x_wconf 88' lang='lat' dir='ltr'>consensus,</span> <span class='ocrx_word' id='word_1_40' title='bbox 1155 1048 1284 1137; x_wconf 88' lang='lat' dir='ltr'>quibus</span> 
     </span>
     <span class='ocr_line' id='line_1_7' title="bbox 211 1162 1285 1258; baseline -0.001 -25"><span class='ocrx_word' id='word_1_41' title='bbox 211 1163 384 1247; x_wconf 82' lang='lat' dir='ltr'>extinctis,</span> <span class='ocrx_word' id='word_1_42' title='bbox 395 1163 537 1252; x_wconf 82' lang='lat' dir='ltr'>languet</span> <span class='ocrx_word' id='word_1_43' title='bbox 548 1162 678 1231; x_wconf 89' lang='lat' dir='ltr'>sensim</span> <span class='ocrx_word' id='word_1_44' title='bbox 692 1162 955 1258; x_wconf 80' lang='lat' dir='ltr'>etextinguitur</span> <span class='ocrx_word' id='word_1_45' title='bbox 965 1165 1151 1247; x_wconf 80' lang='lat' dir='ltr'>comoedia3</span> <span class='ocrx_word' id='word_1_46' title='bbox 1168 1164 1285 1234; x_wconf 89' lang='lat' dir='ltr'>humi·</span> 
     </span>
     <span class='ocr_line' id='line_1_8' title="bbox 210 1275 1282 1366; baseline 0 -19"><span class='ocrx_word' id='word_1_47' title='bbox 210 1276 346 1366; x_wconf 89' lang='lat' dir='ltr'>liorque</span> <span class='ocrx_word' id='word_1_48' title='bbox 369 1276 476 1359; x_wconf 88' lang='lat' dir='ltr'>facta,</span> <span class='ocrx_word' id='word_1_49' title='bbox 504 1278 693 1364; x_wconf 84' lang='lat' dir='ltr'>orbataque</span> <span class='ocrx_word' id='word_1_50' title='bbox 709 1276 775 1343; x_wconf 91' lang='lat' dir='ltr'>hac</span> <span class='ocrx_word' id='word_1_51' title='bbox 793 1276 871 1345; x_wconf 90' lang='lat' dir='ltr'>luce</span> <span class='ocrx_word' id='word_1_52' title='bbox 895 1275 1035 1363; x_wconf 85' lang='lat' dir='ltr'>theatri,</span> <span class='ocrx_word' id='word_1_53' title='bbox 1055 1277 1179 1366; x_wconf 87' lang='lat' dir='ltr'>inqua</span> <span class='ocrx_word' id='word_1_54' title='bbox 1201 1279 1282 1347; x_wconf 91' lang='lat' dir='ltr'>olim</span> 
     </span>
     <span class='ocr_line' id='line_1_9' title="bbox 210 1391 1286 1483; baseline 0 -20"><span class='ocrx_word' id='word_1_55' title='bbox 210 1394 430 1477; x_wconf 86' lang='lat' dir='ltr'>versabatur,</span> <span class='ocrx_word' id='word_1_56' title='bbox 455 1393 546 1463; x_wconf 90' lang='lat' dir='ltr'>intra</span> <span class='ocrx_word' id='word_1_57' title='bbox 565 1392 717 1481; x_wconf 89' lang='lat' dir='ltr'>privatas</span> <span class='ocrx_word' id='word_1_58' title='bbox 733 1391 882 1479; x_wconf 88' lang='lat' dir='ltr'>parietes</span> <span class='ocrx_word' id='word_1_59' title='bbox 900 1392 1065 1483; x_wconf 78' lang='lat' dir='ltr'>migrare,</span> <span class='ocrx_word' id='word_1_60' title='bbox 1087 1400 1121 1461; x_wconf 90' lang='lat' dir='ltr'>et</span> <span class='ocrx_word' id='word_1_61' title='bbox 1145 1393 1181 1462; x_wconf 94' lang='lat' dir='ltr'>in</span> <span class='ocrx_word' id='word_1_62' title='bbox 1198 1413 1286 1482; x_wconf 91' lang='lat' dir='ltr'>pau-</span> 
     </span>
     <span class='ocr_line' id='line_1_10' title="bbox 213 1497 891 1598; baseline 0 -21"><span class='ocrx_word' id='word_1_63' title='bbox 213 1527 333 1579; x_wconf 92' lang='lat' dir='ltr'>corum</span> <span class='ocrx_word' id='word_1_64' title='bbox 348 1529 514 1581; x_wconf 89' lang='lat' dir='ltr'>consessu</span> <span class='ocrx_word' id='word_1_65' title='bbox 532 1497 732 1578; x_wconf 88' lang='lat' dir='ltr'>delitescere</span> <span class='ocrx_word' id='word_1_66' title='bbox 746 1507 891 1598; x_wconf 83' lang='lat' dir='ltr'>cogitur.</span> 
     </span>
    </p>
   </div>
   <div class='ocr_carea' id='block_1_3' title="bbox 391 2154 621 2220">
    <p class='ocr_par' dir='ltr' id='par_1_3' title="bbox 391 2154 621 2220">
     <span class='ocr_line' id='line_1_11' title="bbox 391 2154 621 2220; baseline 0.009 -17"><span class='ocrx_word' id='word_1_67' title='bbox 391 2154 450 2204; x_wconf 86' lang='lat' dir='ltr'>vidi</span> <span class='ocrx_word' id='word_1_68' title='bbox 465 2168 495 2206; x_wconf 87' lang='lat' dir='ltr'>ae</span> <span class='ocrx_word' id='word_1_69' title='bbox 510 2157 621 2220; x_wconf 79' lang='lat' dir='ltr'>perlegi,</span> 
     </span>
    </p>
   </div>
   <div class='ocr_carea' id='block_1_4' title="bbox 516 2352 1285 2510">
    <p class='ocr_par' dir='ltr' id='par_1_4' title="bbox 516 2352 1285 2510">
     <span class='ocr_line' id='line_1_12' title="bbox 516 2352 1285 2426; baseline 0.012 -20"><span class='ocrx_word' id='word_1_70' title='bbox 516 2358 628 2409; x_wconf 82' lang='lat' dir='ltr'>Lutetiae</span> <span class='ocrx_word' id='word_1_71' title='bbox 641 2352 814 2424; x_wconf 87' lang='lat' dir='ltr'>Parisiorum,</span> <span class='ocrx_word' id='word_1_72' title='bbox 828 2361 854 2410; x_wconf 89' lang='lat' dir='ltr'>in</span> <span class='ocrx_word' id='word_1_73' title='bbox 871 2361 1001 2424; x_wconf 87' lang='lat' dir='ltr'>sorbona,</span> <span class='ocrx_word' id='word_1_74' title='bbox 1016 2375 1041 2414; x_wconf 91' lang='lat' dir='ltr'>a.</span> <span class='ocrx_word' id='word_1_75' title='bbox 1054 2363 1081 2413; x_wconf 85' lang='lat' dir='ltr'>d.</span> <span class='ocrx_word' id='word_1_76' title='bbox 1096 2375 1146 2413; x_wconf 90' lang='grc' dir='ltr'><strong>ιιιιι</strong></span> <span class='ocrx_word' id='word_1_77' title='bbox 1158 2362 1210 2415; x_wconf 80' lang='lat' dir='ltr'>kal.</span> <span class='ocrx_word' id='word_1_78' title='bbox 1222 2375 1285 2426; x_wconf 78' lang='lat' dir='ltr'>aug.</span> 
     </span>
     <span class='ocr_line' id='line_1_13' title="bbox 569 2448 856 2510; baseline 0.007 -14"><span class='ocrx_word' id='word_1_79' title='bbox 569 2460 632 2498; x_wconf 78' lang='lat' dir='ltr'>ann.</span> <span class='ocrx_word' id='word_1_80' title='bbox 648 2448 671 2496; x_wconf 80' lang='lat' dir='ltr'>M</span> <span class='ocrx_word' id='word_1_81' title='bbox 690 2449 774 2498; x_wconf 83' lang='lat' dir='ltr'>DCCC</span> <span class='ocrx_word' id='word_1_82' title='bbox 794 2450 856 2510; x_wconf 81' lang='lat' dir='ltr'>LVI,</span> 
     </span>
    </p>
   </div>
   <div class='ocr_carea' id='block_1_5' title="bbox 604 2591 1287 2758">
    <p class='ocr_par' dir='ltr' id='par_1_5' title="bbox 604 2591 1287 2758">
     <span class='ocr_line' id='line_1_14' title="bbox 604 2591 1287 2648; baseline 0.006 -8"><span class='ocrx_word' id='word_1_83' title='bbox 604 2591 752 2642; x_wconf 81' lang='lat' dir='ltr'>Facultatis</span> <span class='ocrx_word' id='word_1_84' title='bbox 767 2592 927 2643; x_wconf 84' lang='lat' dir='ltr'>Litterarum</span> <span class='ocrx_word' id='word_1_85' title='bbox 941 2593 968 2645; x_wconf 91' lang='lat' dir='ltr'>in</span> <span class='ocrx_word' id='word_1_86' title='bbox 988 2594 1128 2645; x_wconf 79' lang='lat' dir='ltr'>Academia</span> <span class='ocrx_word' id='word_1_87' title='bbox 1143 2592 1287 2648; x_wconf 88' lang='lat' dir='ltr'>Parisiensi</span> 
     </span>
     <span class='ocr_line' id='line_1_15' title="bbox 642 2697 772 2758; baseline 0.008 -12"><span class='ocrx_word' id='word_1_88' title='bbox 642 2697 772 2758; x_wconf 87' lang='lat' dir='ltr'>becauus,</span> 
     </span>
    </p>
   </div>
   <div class='ocr_carea' id='block_1_6' title="bbox 837 2805 1149 2858">
    <p class='ocr_par' dir='ltr' id='par_1_6' title="bbox 837 2805 1149 2858">
     <span class='ocr_line' id='line_1_16' title="bbox 837 2805 1149 2858; baseline 0.013 -4"><span class='ocrx_word' id='word_1_89' title='bbox 837 2805 959 2858; x_wconf 82' lang='lat' dir='ltr'>l.-Vrcr.</span> <span class='ocrx_word' id='word_1_90' title='bbox 976 2807 1016 2857; x_wconf 81' lang='lat' dir='ltr'>LE</span> <span class='ocrx_word' id='word_1_91' title='bbox 1033 2807 1149 2858; x_wconf 84' lang='lat' dir='ltr'>CLERC.</span> 
     </span>
    </p>
   </div>
   <div class='ocr_carea' id='block_1_7' title="bbox 217 3007 664 3177">
    <p class='ocr_par' dir='ltr' id='par_1_7' title="bbox 217 3007 664 3177">
     <span class='ocr_line' id='line_1_17' title="bbox 305 3007 560 3073; baseline 0.016 -17"><span class='ocrx_word' id='word_1_92' title='bbox 305 3007 383 3073; x_wconf 80' lang='lat' dir='ltr'>Typis</span> <span class='ocrx_word' id='word_1_93' title='bbox 403 3009 560 3060; x_wconf 85' lang='lat' dir='ltr'>mandetur:</span> 
     </span>
     <span class='ocr_line' id='line_1_18' title="bbox 217 3111 664 3177; baseline 0.007 -14"><span class='ocrx_word' id='word_1_94' title='bbox 217 3111 365 3164; x_wconf 76' lang='lat' dir='ltr'>Academia</span> <span class='ocrx_word' id='word_1_95' title='bbox 382 3114 539 3166; x_wconf 72' lang='lat' dir='ltr'>parisiensis</span> <span class='ocrx_word' id='word_1_96' title='bbox 559 3115 664 3177; x_wconf 78' lang='lat' dir='ltr'>flector,</span> 
     </span>
    </p>
   </div>
   <div class='ocr_carea' id='block_1_8' title="bbox 377 3235 473 3287">
    <p class='ocr_par' dir='ltr' id='par_1_8' title="bbox 377 3235 473 3287">
     <span class='ocr_line' id='line_1_19' title="bbox 377 3235 473 3287; baseline 0.031 -3"><span class='ocrx_word' id='word_1_97' title='bbox 377 3235 473 3287; x_wconf 72' lang='lat' dir='ltr'>cdix.</span> 
     </span>
    </p>
   </div>
   <div class='ocr_carea' id='block_1_9' title="bbox 735 4175 1262 4253">
    <p class='ocr_par' dir='ltr' id='par_1_9' title="bbox 735 4175 1262 4253">
     <span class='ocr_line' id='line_1_20' title="bbox 735 4175 1262 4253; baseline 0.017 -27"><span class='ocrx_word' id='word_1_98' title='bbox 735 4186 801 4241; x_wconf 80' lang='lat' dir='ltr'>impr.</span> <span class='ocrx_word' id='word_1_99' title='bbox 811 4185 839 4230; x_wconf 81' lang='lat' dir='ltr'>de</span> <span class='ocrx_word' id='word_1_100' title='bbox 848 4175 993 4232; x_wconf 56' lang='grc' dir='ltr'><strong>Βοιιιιιιιιὲί</strong></span> <span class='ocrx_word' id='word_1_101' title='bbox 1004 4192 1039 4246; x_wconf 71' lang='lat'>(2⁶,</span> <span class='ocrx_word' id='word_1_102' title='bbox 1051 4203 1088 4234; x_wconf 86' lang='lat' dir='ltr'>rue</span> <span class='ocrx_word' id='word_1_103' title='bbox 1098 4194 1213 4253; x_wconf 77' lang='lat' dir='ltr'>iduarine,</span> <span class='ocrx_word' id='word_1_104' title='bbox 1224 4196 1262 4237; x_wconf 75' lang='lat'>³0.</span> 
     </span>
    </p>
   </div>
   <div class='ocr_carea' id='block_1_10' title="bbox 0 0 1519 5220">
    <p class='ocr_par' dir='ltr' id='par_1_10' title="bbox 0 0 1519 5220">
     <span class='ocr_line' id='line_1_21' title="bbox 0 0 1519 5220; baseline 0 0"><span class='ocrx_word' id='word_1_105' title='bbox 0 0 1519 5220; x_wconf 95' lang='lat' dir='ltr'> </span> 
     </span>
    </p>
   </div>
  </div>
 </body>
</html>
