3000 5220
674 425 844 496 ..4.-

220 594 425 687 fragmenta,
443 612 521 682 quae
540 598 740 681 supersunt,
760 597 794 662 et
809 596 964 662 veterum
986 597 1168 664 auctorum
1193 592 1296 664 testi-

219 710 349 793 monia,
371 717 406 780 et
421 706 571 790 Terentii
591 705 729 790 labulae,
752 726 843 795 quas¹
858 705 966 777 fuisse
982 728 1000 778 e
1017 709 1137 778 Graeco
1158 707 1295 778 fidelius

219 845 400 916 expressas
414 830 561 907 constat,
576 823 728 911 aliquam
743 823 850 914 huJus
863 822 1002 893 amissae
1014 824 1195 895 comoediae
1214 844 1295 913 spe-

219 942 307 1012 ciem
321 944 365 1012 ad
375 942 644 1012 nostraduxere.
660 939 737 1020 Sed,
754 938 782 1008 si
797 940 892 1009 nulla
908 940 973 1008 alia
986 942 1182 1023 subessent,
1195 939 1294 1029 queis

218 1078 307 1148 opus
333 1065 493 1128 nostrum
517 1057 744 1139 inniteretur,
774 1054 910 1126 difficile
930 1063 1020 1127 esset
1043 1058 1085 1127 de
1105 1057 1215 1126 Plauti
1239 1057 1295 1127 iu-

215 1174 380 1260 ventione
403 1195 484 1245 vera
504 1173 672 1264 judicare,
696 1178 731 1243 et
753 1178 882 1241 temere
901 1191 965 1242 nos
983 1172 1145 1242 hariolari
1170 1172 1293 1243 merito

216 1289 295 1379 quis
319 1289 506 1359 incusaret.
525 1290 602 1375 lpse
619 1293 735 1356 autem
758 1287 900 1356 Plautus
916 1288 1018 1358 uobis
1034 1289 1162 1359 auxilio
1183 1288 1291 1372 adest,

215 1410 249 1474 et
263 1425 362 1493 opem
380 1406 531 1492 aliquam
548 1401 691 1471 incertis
709 1407 742 1471 et
760 1401 1020 1492 ambigentibus
1036 1412 1189 1494 praestat.
1344 1385 1347 1398 ⁴

264 1520 315 1588 llli
332 1520 424 1590 enim
443 1525 566 1609 poetae,
583 1516 643 1605 qui
663 1522 747 1586 sunt
762 1518 898 1601 erudito
917 1519 1082 1590 instructi
1096 1521 1239 1610 judicio,
1258 1527 1292 1592 et

214 1637 257 1706 ad
274 1637 469 1706 litterarum
485 1633 686 1723 disciplinas
699 1633 856 1722 apprime
873 1633 1062 1718 informati,
1078 1636 1166 1705 nihil
1181 1638 1292 1728 magis

213 1753 351 1842 assequi
362 1754 495 1835 volunt,
510 1769 613 1839 quam
627 1756 666 1819 ut
679 1769 783 1837 opera
795 1769 856 1818 sua
874 1750 939 1820 sibi
951 1758 1122 1835 constent,
1139 1760 1172 1823 et
1188 1754 1293 1840 parti·

211 1870 279 1942 bus
300 1870 391 1940 inter
407 1891 443 1941 se
464 1849 593 1957 optime
616 1866 873 1936 cohaerentibus
900 1867 1107 1949 condentur.
1133 1871 1291 1954 Quorum

211 1986 241 2055 si
261 2007 408 2056 numero
426 1987 569 2055 Plautus
585 1990 676 2053 esset
691 1983 955 2068 adscribendus,
976 1985 1128 2056 dedisset
1150 1986 1290 2075 operam

210 2106 251 2170 ut
268 2109 385 2190 partes
402 2119 550 2189 quaeque
562 2097 770 2168 ‘fabularum
791 2119 934 2173 suarum
956 2100 1047 2170 inter
1064 2122 1101 2172 se
1120 2121 1292 2194 congrue,

211 2224 301 2301 rent,
316 2235 441 2306 neque,
456 2215 603 2304 exempli
621 2213 745 2304 gratia,
764 2233 994 2304 agorauomos
1008 2217 1109 2307 Juxta
1132 2220 1249 2290 aediles
1264 2216 1289 2304 ³,

212 2333 389 2404 Thaletem
416 2353 496 2404 cum
523 2325 684 2413 Potitio²,
705 2331 850 2398 Romam
877 2331 914 2398 in
930 2331 1043 2400 media
1070 2333 1201 2402 Graecia
1227 2355 1292 2425 po-

212 2449 350 2519 suisset.
367 2449 433 2520 Sed
454 2449 536 2519 talia
559 2466 624 2517 nec
645 2446 722 2537 ejus
740 2452 835 2529 aetas,
853 2466 917 2516 nec
935 2445 1115 2538 ingenium
1135 2450 1292 2538 require·

211 2563 298 2633 bant
316 2585 324 2637 :
342 2564 494 2653 populus
515 2582 593 2650 quae
608 2568 788 2628 moverent
802 2561 912 2632 risum
932 2563 1049 2650 potius
1069 2563 1287 2655 efflagitabat,

211 2698 317 2768 quam
338 2699 417 2768 quae
439 2678 608 2766 superbas
632 2675 815 2745 doctorum
840 2696 941 2746 aures
964 2676 1165 2767 implerent;
1188 2688 1291 2769 poeta

211 2794 363 2882 quodam
377 2793 512 2890 ingenii
530 2791 662 2880 impetu
680 2789 790 2879 magis
803 2791 956 2876 valebat,
967 2812 1072 2881 quam
1088 2794 1217 2864 laboris
1235 2795 1290 2865 di·

118 2953 120 2956 -
210 2898 473 3001 ligentiassQuae
494 2928 573 2978 cum
593 2907 641 2977 ita
658 2912 784 2990 esseut,
806 2927 871 2977 nec
891 2928 930 2977 ea
950 2910 1134 2980 occultavit
1154 2913 1290 3001 quaeda

210 3028 333 3118 graecis
345 3025 936 3113 transferebatnecea,quaedesuo
948 3026 1144 3118 adjiciebat,
1157 3030 1290 3099 curavit

211 3148 251 3213 ut
270 3143 401 3231 optime
424 3163 503 3214 cum
526 3140 703 3211 translatis
726 3142 968 3212 coalescerent.
987 3143 1075 3212 Male
1086 3144 1208 3232 iuncta
1224 3143 1290 3233 igi-

211 3267 269 3331 tur
285 3261 469 3361 sejungere
486 3259 622 3328 facilius
638 3257 720 3341 erit,
737 3235 916 3346 quumque
930 3258 1022 3328 inter
1043 3280 1080 3329 se
1097 3260 1289 3349 saepissime

210 3376 413 3461 dissideant,
432 3376 580 3474 prodere
598 3374 673 3462 ipsa
693 3393 733 3443 ac
751 3372 947 3464 siguificare
966 3376 1057 3446 ultro
1076 3375 1290 3448 videbuntur

211 3492 350 3564 cuinam
370 3493 441 3561 sint
454 3490 676 3580 potissimum
696 3488 858 3577 scriptori
874 3490 1066 3563 referenda.

178 3605 187 3634 ¹
258 3611 390 3697 ltaque,
405 3607 541 3699 quoties
556 3607 598 3676 de
616 3604 677 3688 eis,
696 3625 775 3692 quae
789 3608 1003 3678 enucleanda
1020 3615 1055 3679 et
1072 3608 1289 3696 explananda

210 3744 393 3816 aggressus
421 3747 513 3808 sum,
531 3723 698 3792 tacebunt
719 3728 854 3791 veteres
881 3723 991 3793 critici
1022 3717 1131 3817 (quod
1159 3724 1288 3813 saepius

209 3860 315 3929 quam
326 3843 448 3912 vellem
459 3834 605 3933 eveniet]
622 3836 927 3926 quaerereiustitui
945 3859 990 3908 au
1012 3859 1055 3909 ex
1072 3840 1193 3910 Plauto
1210 3840 1287 3929 ipso

210 3949 553 4047 nonqosbitaliqua
573 3955 635 4027 lux
656 3951 760 4024 nobis
786 3951 964 4046 affulgere,
985 3975 1055 4049 qua
1080 3956 1180 4042 duce,
1201 3956 1286 4048 quid

247 4218 254 4254 ¹
267 4223 384 4292 coactu,
398 4224 440 4291 lv,
455 4223 482 4290 t,
493 4223 576 4278 ld·-
586 4219 718 4287 ¹Boceb,
732 4218 754 4286 l,
766 4218 793 4287 2,
812 4221 856 4274 ll.
