3000 5220
725 443 918 516 ...36-

287 610 432 681 Parasiti
452 619 602 702 qnoque,
617 624 820 700 quanquam
836 610 1034 679 Graecorum
1052 608 1132 680 ritae
1151 616 1186 682 et
1202 610 1360 682 moribus

284 726 396 817 magis
424 726 628 797 convenisse
652 725 832 821 videntur,
860 744 879 793 a
907 723 1073 792 Romanis
1102 725 1269 796 conviviis
1288 744 1359 796 non

284 840 442 912 aberant.
460 843 529 911 Nee
553 841 665 911 solum
687 840 873 909 Horatiana
890 847 990 922 aetas,
1009 859 1139 928 quaese
1159 841 1201 910 ad
1221 842 1360 912 Graeeos

284 977 371 1033 usus
385 958 539 1028 sedulius
556 956 841 1039 accommodavit,
857 955 920 1025 hus
935 975 1071 1024 scurrus
1086 977 1189 1047 vapos
1203 964 1358 1041 noverat,

282 1072 343 1167 qui
357 1081 484 1141 certum
496 1093 565 1141 uon
579 1081 727 1141 tenerent
735 1093 882 1162 presepe
892 1070 916 1156 ¹,
931 1070 995 1139 imi
1008 1070 1082 1139 teeti
1096 1069 1271 1157 derisores,
1279 1070 1361 1141 dum

280 1185 401 1258 divitis
415 1187 515 1258 verbu
527 1189 656 1258 iterent
666 1199 697 1258 et
708 1198 830 1257 nutum
844 1185 1022 1272 borrent²;
1040 1188 1087 1257 illi
1099 1189 1215 1274 etiam,
1230 1189 1259 1258 si
1269 1189 1361 1259 anti·

280 1310 403 1401 quiora
422 1319 570 1400 repetas,
588 1310 651 1381 tibi
667 1317 869 1393 occurrent,
888 1330 1001 1399 neque
1014 1310 1145 1398 poteris
1161 1317 1357 1402 togatarum

280 1426 582 1515 Atellanaramque
606 1424 801 1517 fragmenta
825 1427 994 1508 evolvere,
1023 1426 1108 1514 quin
1131 1426 1166 1494 in
1186 1427 1360 1515 parasitos

281 1540 415 1609 incidas
430 1540 502 1629 qui,
518 1541 678 1630 quamvis
698 1541 825 1632 iniuria
839 1540 1007 1630 temporis
1025 1541 1137 1611 mutili
1155 1549 1189 1612 et
1206 1541 1358 1612 truncati

280 1655 324 1726 ad
338 1674 403 1725 nos
422 1656 646 1745 pervenerint
665 1664 699 1726 et
716 1657 775 1728 uix
792 1657 915 1746 primis
930 1653 1032 1726 lineis
1048 1657 1257 1741 adumbrati,
1280 1678 1360 1728 om-

279 1772 364 1842 nino
381 1778 497 1843 tamen
519 1773 562 1842 ad
582 1771 727 1865 effigiem
754 1773 995 1843 Plautinorum
1021 1773 1255 1862 parasitorum
1275 1772 1358 1844 des·

280 1888 381 1977 eripti
398 1888 462 1958 tibi
477 1889 700 1960 videbuntur.
713 1890 918 1960 Recordaris
937 1888 1042 1979 quam
1058 1890 1167 1973 triste,
1183 1910 1359 1980 quamque

280 2003 398 2087 invite,
416 2004 451 2071 in
469 2001 629 2093 Captivis,
644 2007 831 2096 Ergasilus,
850 2026 905 2096 ape
920 2008 1109 2095 frustratus
1128 2006 1303 2089 coenatica,
1322 2027 1358 2076 se

279 2120 323 2190 ed
339 2139 502 2209 asperum,
515 2120 679 2210 Hegionis
692 2123 879 2210 prandium
894 2121 1017 2204 refert;
1034 2122 1117 2192 huie
1134 2121 1242 2192 fuisse
1255 2122 1359 2190 simil-

278 2232 402 2302 limum
415 2233 495 2323 jure
510 2233 745 2322 suspicaberis
764 2235 956 2323 parasitum
979 2233 1074 2305 hune
1089 2255 1192 2323 quem
1210 2237 1358 2324 Pompo-

279 2345 359 2416 nius
372 2345 408 2415 in
422 2345 579 2417 Atellana
591 2347 740 2436 quadam
755 2348 940 2418 induxerat
950 2347 1160 2417 esurientem
1174 2352 1209 2417 et
1221 2365 1357 2447 eoenam

278 2462 534 2550 quaeritantem,
552 2464 682 2553 quique

384 2691 412 2752 si
426 2705 489 2751 eum
504 2706 588 2753 nemo
598 2669 689 2765 voest,
703 2690 819 2751 reuertit
832 2695 947 2751 maestus
962 2691 998 2751 ud
1012 2707 1130 2752 menam
1148 2690 1260 2751 misem.

278 2901 436 2970 Lenones
450 2904 567 2972 autem
583 2906 618 2971 et
635 2899 935 2989 meretrices,p0st
948 2899 1101 2970 devictus
1113 2900 1252 2981 Poenos,
1271 2878 1371 2967 sub·¹

278 3023 465 3107 actumque
499 3015 570 3089 iere
604 3020 726 3088 orbem
753 3024 947 3100 terrarum,
981 3017 1126 3085 Romam
1155 3012 1356 3103 frequentes

280 3135 485 3204 convenisse
516 3154 588 3203 non
616 3132 814 3217 dubitabis,
847 3132 876 3202 si
905 3133 947 3202 ad
976 3133 1213 3201 Romanorum
1240 3148 1355 3200 mones

279 3248 456 3338 respicias,
475 3255 510 3320 et
525 3249 590 3318 hes
604 3249 716 3319 Plauti
732 3267 854 3318 versus
870 3246 1104 3316 reminiscaris
1120 3267 1129 3315 ε

418 3465 496 3524 Nune
510 3461 642 3523 lenonum
657 3467 685 3522 et
699 3468 854 3522 scortorum
869 3459 933 3536 plus
945 3465 987 3520 est
1000 3459 1059 3520 iera

382 3555 472 3626 Quam
485 3553 554 3616 olim
566 3568 725 3615 muscarum
733 3552 779 3628 ’st,
792 3567 878 3628 quum
893 3550 999 3612 caletur
1011 3566 1139 3613 maxume
1148 3552 1170 3612 ⁴.

325 3786 456 3862 Harum
470 3787 628 3859 omnium
640 3803 870 3877 personarum
884 3782 1026 3855 habitus
1043 3800 1226 3871 moresque
1245 3798 1349 3868 quam

275 3898 435 3992 fideliter,
451 3906 614 3997 quemad
632 3904 750 3978 vivum
767 3903 925 3975 retulerit
938 3900 1139 3985 Menander,
1154 3916 1226 3970 uon
1239 3895 1349 3969 Graeci

197 4231 201 4239 ὁ
312 4165 408 4233 ¹lien,
428 4167 528 4233 spat„
547 4165 569 4232 1,
585 4167 630 4232 ib,
645 4166 691 4220 tt.
709 4192 744 4206 -
762 4164 862 4250 ¹110n,
880 4166 980 4233 spur„
996 4161 1019 4228 1,
1039 4162 1084 4229 ts,
1099 4159 1148 4229 it).
1166 4182 1203 4200 -
1219 4154 1349 4224 ⁸Pomp.‚

275 4259 396 4326 uuum,
408 4255 635 4324 b.-⁴dttttu1.‚
648 4256 672 4324 1,
686 4257 770 4323 ῌῦ.
