3000 5220
671 425 865 492 ...20-

234 591 370 684 gentio,
412 610 483 660 non
524 590 725 661 abstinuere
759 590 844 679 quin
884 590 1028 663 liberius
1068 592 1310 664 immutarent.

281 708 454 779 Nonnulla
470 707 506 775 in
525 705 774 776 transferendis
787 709 986 778 Graecorum
999 707 1127 778 sabulis
1146 711 1309 780 Plautum

233 824 392 894 omisisse
406 845 449 894 ex
463 824 623 894 Terentio
639 823 780 906 scimus,
794 825 853 912 qui
868 845 931 893 nos
943 824 984 893 de
996 825 1072 907 hac,
1086 832 1125 895 ut
1138 825 1307 915 loquitur,

215 938 440 1029 ‘neplipentio
458 939 507 1008 sio
529 939 565 1009 in
582 938 808 1029 Adelphorum
827 942 970 1032 prologo
987 947 1130 1011 monet:

353 1173 641 1249 Synapothnescontes
655 1172 759 1249 Diphili
771 1173 907 1233 comoedia
920 1174 966 1249 'st,

351 1264 419 1322 Eam
431 1261 651 1322 Commorientes
662 1262 776 1320 Plautus
789 1262 855 1321 iecit
869 1262 1003 1322 fabulam.

350 1355 381 1412 ln
395 1354 489 1412 Graeca
501 1351 662 1410 adolescens
673 1360 715 1410 est
726 1351 774 1425 qui
787 1350 880 1411 lenoni
892 1353 976 1429 eripit

352 1442 536 1515 Meretrioem,
548 1441 578 1501 in
590 1441 680 1516 prima
694 1442 803 1519 fabula3
820 1459 885 1504 eum
897 1443 1011 1504 Plautus
1024 1442 1118 1504 locum

350 1531 474 1608 Reliquit
487 1531 635 1607 integrum.

225 1774 312 1861 Quae
329 1791 410 1844 vero
431 1773 573 1843 Plautus
592 1771 726 1862 integra
743 1771 941 1860 reliquerat,
961 1774 1080 1844 sedulo
1098 1776 1298 1862 Terentius,

224 1911 268 1961 ne
294 1891 379 1980 quid
404 1891 547 1979 periret,
576 1889 733 1972 abstulit,
763 1891 958 1960 tenuiorem
987 1892 1119 1960 scilicet
1146 1891 1298 1965 fabulam

223 2008 393 2078 Plautinis
410 2006 566 2094 reliquiis
584 2007 808 2076 adaucturus.
831 2008 918 2075 Hinc
929 2009 1001 2097 Jam
1017 2016 1186 2098 quantum
1204 2020 1300 2081 uter·

222 2144 290 2213 que
315 2124 350 2193 in
375 2122 553 2191 imitandis
579 2123 708 2191 Graecis
734 2123 869 2192 differat
892 2124 1061 2212 suspicari
1088 2126 1179 2196 licet.
1207 2130 1296 2198 Dum

222 2240 308 2311 alter
325 2241 493 2311 nonnulla
510 2238 643 2319 recidit,
662 2256 740 2325 quae
757 2240 898 2309 Graecus
913 2248 1014 2329 poeta
1035 2244 1246 2327 extenderat,
1263 2251 1298 2314 et

220 2359 402 2447 pauciores
417 2356 560 2427 adhibet
571 2375 749 2444 personas,
760 2357 902 2426 alterius
917 2359 1087 2452 comoedia
1102 2366 1297 2448 nonpotest

220 2475 257 2543 in
270 2476 405 2564 Justum
428 2493 625 2543 accrescere
641 2472 804 2561 spatium,
822 2473 888 2542 nisi
907 2482 941 2544 et
960 2476 1065 2545 rebus
1085 2481 1118 2544 et
1135 2476 1295 2564 personis

220 2592 360 2661 aliunde
388 2591 505 2691 petitis
534 2589 753 2673 referciatur,
786 2597 847 2660 aut
875 2612 917 2659 ex
948 2591 1086 2661 duobus
1111 2593 1293 2664 Menandri

219 2707 346 2778 fabulis
371 2714 516 2778 constet.
545 2709 695 2794 Uterque
718 2706 824 2797 igitur
844 2707 962 2774 Graeca
986 2714 1189 2795 argumenta
1217 2728 1294 2778 cor-

218 2825 351 2913 rumpit
376 2831 410 2894 et
432 2823 656 2905 contaminat,
679 2825 739 2893 sed
756 2823 812 2891 hic
828 2823 993 2910 quadam,
1020 2831 1059 2891 ut
1082 2822 1129 2891 ita
1157 2824 1291 2908 dicam,

213 2942 397 3034 jejunitate
415 2941 557 3032 ingenii,
575 2941 631 3010 ille
646 2939 862 3010 abundantia
880 2945 913 3009 et
933 2939 1102 3009 ubertate.

264 3063 333 3130 Nec
346 3061 464 3130 minus
475 3059 552 3140 hoc,
565 3059 658 3148 quod
668 3059 740 3147 jam
754 3079 797 3127 ex
808 3057 958 3128 Terentii
973 3057 1172 3128 testimonio
1183 3063 1290 3147 patet,

216 3177 393 3244 Plautinas
407 3175 542 3243 fabulas
557 3182 688 3243 attente
704 3174 902 3261 inspicienti
920 3176 1111 3263 apparebit.
1128 3175 1290 3244 Casinam

216 3309 256 3358 ex
271 3290 391 3359 eodem
408 3286 546 3375 Diphilo
564 3287 763 3356 translatam
780 3287 924 3357 liberius
944 3289 1059 3373 etiam,
1080 3297 1150 3374 aut,
1171 3290 1200 3359 si
1215 3292 1290 3380 pla-

215 3412 283 3488 cet,
306 3403 538 3496 negligentius
563 3413 664 3492 poeta
691 3410 908 3474 tractaverat.
930 3408 999 3475 Nec
1026 3408 1120 3476 enim
1149 3406 1178 3477 ei
1205 3407 1288 3475 satis

213 3521 280 3593 suit
308 3521 434 3611 Diphili
468 3521 620 3590 fabulam
651 3541 722 3590 una
747 3527 808 3590 aut
839 3523 944 3591 altera
974 3543 1078 3593 scena
1103 3531 1287 3604 truncare;

213 3640 400 3708 maximam
423 3638 549 3707 fabulae
573 3645 727 3726 partem,
754 3657 822 3724 qua
845 3639 1094 3707 ostendebatur
1119 3637 1244 3706 Casina
1268 3659 1286 3705 a

211 3756 418 3843 parentibus
439 3755 554 3846 agnita
572 3761 606 3823 et
625 3753 812 3822 Stalinonis
833 3756 902 3825 filio
928 3757 1118 3842 desponsa,
1143 3753 1286 3823 omnino

210 3873 444 3959 praetermisit,
464 3891 701 3961 personasque
720 3872 862 3942 sustulit
882 3892 960 3960 quae
982 3891 1066 3940 sane
1082 3869 1173 3958 apud
1192 3871 1286 3939 Grae·

209 4007 289 4057 cum
311 3997 447 4077 poetam
466 3990 559 4059 haud
580 3988 771 4057 mediocres
787 3996 902 4077 partes
918 3989 1078 4079 agebant.
1098 3985 1223 4056 Casina
1243 4007 1286 4058 ex

209 4104 333 4188 domo,
362 4104 423 4174 ubi
451 4106 577 4192 pudice
610 4113 824 4187 asservatur,
856 4125 926 4175 non
959 4104 1083 4196 pedem
1115 4103 1281 4186 extrahit;

209 4241 364 4304 seruum,
392 4241 454 4311 per
482 4240 585 4309 quem
615 4220 737 4291 debuit
763 4221 903 4303 Casina,
931 4220 966 4290 in
990 4220 1119 4309 Diphili
1149 4219 1281 4304 fabula,
