3000 5220
703 392 898 463 ..42-

256 585 335 640 rum
360 580 505 634 suorum
530 560 788 642 aemularentur,
809 579 873 630 nec
891 581 928 631 se
953 562 989 632 in
1016 565 1211 653 voluptates
1228 565 1331 637 simul

257 676 523 780 ingurgitarent.
556 677 736 747 Leniorem
757 677 905 749 Micione
925 680 1254 770 clementioremque
1269 703 1332 771 pa-

256 811 344 872 trem
369 818 459 889 aegre
476 795 669 884 reperires,
699 795 758 882 qui
784 795 854 864 filio
875 781 1022 879 amanti,
1046 799 1249 882 obsonanti,
1268 820 1332 889 po·

256 916 342 987 tanti
359 920 539 1003 sumptum
559 912 724 1002 suggerit,
745 919 779 981 et
799 932 887 1000 quos
907 912 1077 1004 effregerit
1096 923 1213 1002 postes
1231 917 1332 986 resti·

255 1032 404 1101 tuendos
420 1031 462 1099 de
478 1049 541 1098 suo
556 1036 666 1110 curat,
678 1048 787 1117 eoque
805 1029 945 1098 tandem
959 1030 1184 1120 benignitatis
1195 1033 1329 1114 recidit,

255 1153 306 1230 ut,
338 1147 501 1235 quintum
530 1152 565 1216 et
592 1145 847 1235 sexagesimum
872 1166 1004 1215 annum
1032 1155 1145 1231 natus,
1179 1149 1330 1218 vetulam

255 1268 290 1334 et
315 1244 545 1351 decrepitam,
576 1260 648 1331 filio
672 1269 831 1353 rogante,
862 1261 899 1330 in
928 1264 1190 1335 matrimonium
1214 1267 1329 1336 ducat.

254 1381 432 1468 Nusquam
463 1399 545 1449 vero
578 1377 796 1447 clementiam
827 1377 918 1446 hanc
953 1381 1137 1452 Terentius
1168 1381 1205 1451 in
1230 1387 1331 1470 turpe

255 1495 462 1583 obsequium
492 1492 752 1580 deformemque
782 1493 946 1565 vitiorum
966 1496 1167 1567 societatem
1191 1498 1332 1585 depres-

254 1609 396 1692 sit,nec
422 1616 531 1698 pater,
551 1609 611 1697 qui
638 1606 837 1691 faciliorem,
865 1610 893 1678 si
921 1610 964 1679 ad
992 1612 1101 1700 patris
1127 1612 1331 1701 dignitatem

254 1737 410 1816 spectas,
439 1727 599 1797 concedit
628 1727 786 1808 reniam,
815 1725 968 1817 cujusvis
996 1735 1112 1797 tamen
1142 1727 1262 1818 flagitii
1294 1729 1330 1798 in

255 1848 388 1928 partem
413 1840 531 1910 venire
550 1839 700 1928 patitur;
723 1838 833 1907 filium
855 1838 1120 1927 nonnumquam
1148 1839 1258 1909 amice
1275 1840 1333 1909 in·

257 1964 386 2046 crepat,
402 1965 436 2026 et
451 1959 493 2026 ab
511 1978 550 2027 eo
565 1951 672 2050 (quod
686 1945 799 2026 rarius
812 1956 926 2026 evenit
939 1950 1146 2049 increpanti]
1162 1976 1331 2045 perquam

257 2072 408 2163 benigne
428 2073 610 2160 excipitur.
640 2073 848 2142 Demaenetis
877 2078 992 2142 autem
1017 2072 1233 2163 indulgentia
1260 2091 1331 2143 non

257 2207 300 2257 ex
319 2187 534 2277 benignitate
562 2187 674 2255 solum
702 2169 836 2256 naturae
862 2188 988 2269 oritur,
1009 2188 1069 2257 sed
1094 2209 1136 2257 ex
1163 2188 1332 2276 pravitate
1443 2238 1445 2241 -

257 2322 394 2375 morum
417 2312 653 2393 anteactaeque
672 2302 752 2372 vitae
778 2303 992 2372 conscientia
1014 2310 1048 2373 et
1067 2303 1248 2373 desiderio.
1270 2304 1333 2375 At·

257 2442 325 2511 que
344 2421 392 2491 ita
413 2421 560 2511 patriam
589 2412 773 2491 dedecorat
796 2419 992 2509 obteritque
1012 2419 1227 2511 dignitatem,
1244 2426 1284 2504 ut
1301 2420 1331 2489 si

256 2541 338 2611 velit
355 2549 557 2630 peccantem
578 2551 714 2622 natum,
733 2541 865 2628 peccati
887 2560 1046 2622 consors,
1067 2541 1330 2630 reprehendere,

257 2656 473 2726 audientium
495 2656 587 2725 risus
607 2655 769 2736 excutiat,
788 2665 822 2724 et
842 2657 916 2742 ipse
936 2657 981 2724 sit
997 2657 1169 2736 atrociter,
1187 2677 1252 2725 nec
1267 2657 1334 2725 im·

257 2771 392 2854 merito,
414 2772 456 2840 ab
478 2791 585 2841 uxore
601 2790 662 2840 sua
682 2770 914 2857 reprehensus
939 2776 973 2839 et
999 2769 1196 2859 castigatus.
1220 2772 1332 2855 Quem

257 2886 285 2956 si
306 2906 386 2958 cum
407 2888 614 2957 Terentiano
629 2894 727 2975 patre
743 2906 943 2976 componas,
966 2885 1075 2968 facile,
1095 2885 1162 2954 nisi
1179 2906 1234 2956 me
1247 2885 1334 2956 fallit
1410 2935 1412 2940 ·

258 3003 394 3093 opinio,
419 3004 653 3094 suspicaberis
670 3024 740 3093 quo
758 3005 902 3073 Plautus
922 3003 1024 3072 modo
1047 3001 1223 3072 lenitatem
1242 3001 1333 3072 hanc

259 3140 407 3204 morum,
426 3143 494 3210 qua
511 3103 704 3191 eminuisse
720 3121 887 3191 dicuntur
901 3119 1081 3189 Menandri
1104 3118 1240 3200 fabulae,
1256 3139 1334 3188 cor·

257 3239 402 3327 ruperit.
421 3240 537 3323 Quum
561 3239 653 3306 enim
673 3237 760 3305 nibil
778 3236 950 3315 difficilius
976 3237 1020 3304 sit
1045 3233 1186 3301 barbaro
1204 3242 1330 3322 poetae,
1423 3284 1424 3287 ,

227 3362 292 3445 et
317 3354 486 3424 doctrinis
520 3353 782 3442 disciplinisque
818 3353 1012 3423 litterarum
1052 3353 1169 3424 minus
1190 3354 1333 3427 erudito

257 3491 365 3562 quam
387 3478 504 3541 tenere
530 3472 690 3552 modum,
714 3491 827 3559 neque
849 3492 868 3540 a
889 3470 991 3540 certis
1020 3469 1151 3540 linibus
1176 3471 1329 3560 evagari,

257 3587 348 3664 intra
374 3607 462 3676 quos
487 3587 656 3678 elegantia
681 3587 930 3676 urbanitasque
956 3586 1172 3668 consistunt,
1199 3586 1333 3657 Plauto

257 3727 343 3796 que,
373 3712 413 3776 ut
438 3726 544 3795 supra
569 3703 658 3785 dixi,
684 3703 856 3791 imprimis
887 3702 1068 3794 obtigisset
1098 3701 1229 3771 comica
1257 3702 1333 3772 haec
1413 3762 1416 3766 .

255 3822 367 3893 virtus
384 3842 463 3911 quae
480 3821 634 3892 ferveret
647 3825 681 3889 et
701 3825 880 3901 aestuaret,
904 3838 1017 3908 neque
1032 3815 1130 3886 facile
1150 3816 1332 3888 cohibere·

256 3943 336 4020 tur;
355 3938 423 4020 ille,
442 3938 554 4026 siqua
572 3936 740 4006 arrideret
755 3937 902 4022 occasio,
921 3956 993 4006 non
1011 3940 1147 4024 poterat
1163 3930 1249 4024 quin
1265 3956 1333 4026 quo

255 4051 338 4123 doto
354 4062 456 4143 portu
470 4062 591 4138 rueret,
608 4061 642 4124 et
658 4053 693 4121 in
710 4073 759 4135 ea,
776 4074 855 4143 quae
870 4054 991 4125 leviter
1006 4052 1202 4141 raptimque
1220 4050 1331 4122 Graeci

256 4171 462 4264 attigerant,
489 4170 682 4257 impensius
708 4170 944 4253 incumberet,
975 4187 1202 4257 summoque,
1223 4173 1264 4239 ut
1281 4167 1330 4237 ita
