3000 5220
696 423 746 439 ...
770 349 891 458 38’...

253 556 391 641 labulis,
411 555 441 627 si
464 553 661 623 Trirrumum
681 554 832 642 excipias
856 560 890 625 et
912 556 1080 644 quasdam
1104 555 1266 627 Rudentis
1292 565 1328 630 et

253 673 474 765 Captivorum
484 681 612 763 partes,
622 692 789 761 perquam
803 671 966 762 exiguum
979 674 1200 764 philosophia
1212 677 1327 745 locum

252 792 398 862 obtinet.
430 789 630 859 Trinummo
656 788 861 858 crediderim
885 811 903 859 e
923 792 1041 860 Graeco
1065 790 1174 862 luisse
1191 791 1329 863 fidelius

253 911 471 992 translatum,
500 909 594 998 quod
623 907 659 976 in
686 907 751 976 hac
777 908 920 977 Plautus
949 907 1063 979 fabula
1100 911 1218 979 nescio
1247 910 1332 1000 quid

223 1096 224 1100 ,
251 1028 386 1097 tardius
405 1035 439 1096 et
458 1025 657 1115 impeditius
677 1021 840 1113 praeierat
866 1025 1053 1113 minusque
1072 1026 1180 1096 libere
1204 1031 1238 1096 et
1263 1029 1333 1097 ala·

253 1144 357 1214 criter
385 1143 620 1235 ingrediatur3
657 1148 732 1212 tum
762 1141 939 1230 praecipue
971 1145 1064 1231 quod
1096 1135 1327 1233 philosophiae

253 1264 370 1331 minus
396 1280 500 1350 quam
521 1260 557 1329 in
579 1259 702 1330 ceteris
718 1259 920 1348 pepercerit.
939 1263 1049 1330 Immo
1070 1261 1153 1329 dum
1173 1260 1329 1349 philoso-

252 1379 382 1469 phiam,
398 1382 616 1467 repugnante
636 1375 788 1466 ingenio,
812 1375 964 1459 adhibet,
991 1376 1021 1446 ei
1042 1371 1098 1470 (ut
1120 1378 1327 1467 plerumque

251 1494 366 1565 evenit
381 1492 510 1580 aliquid
531 1491 638 1560 invita
657 1497 781 1560 natura
800 1488 1002 1586 agentibus)
1028 1492 1220 1582 impensius
1236 1513 1328 1583 saepe

120 1674 122 1676 ,
252 1631 315 1682 nec
330 1606 533 1698 tempestive
548 1607 709 1678 indulsit·
723 1612 773 1678 lta
797 1609 890 1678 enim
909 1615 943 1678 et
958 1609 1082 1692 Philto,
1100 1617 1134 1680 et
1149 1611 1326 1701 Lysiteles,

183 1771 185 1773 -
251 1733 286 1799 et
304 1725 518 1797 Lesbonicus
542 1725 584 1794 de
609 1725 801 1794 ordinanda
823 1725 892 1795 rita
918 1732 951 1796 et
977 1725 1142 1817 fugiendo
1159 1727 1329 1799 dedecore
1389 1813 1391 1817 ¹

252 1843 427 1933 copiosius
451 1843 645 1924 disserunt,
675 1849 714 1912 ut
740 1841 824 1912 velis
852 1841 1027 1912 diutinum
1050 1840 1145 1911 hunc
1165 1842 1328 1931 abrumpi

251 1978 460 2044 sermonem,
479 1953 561 2029 etin
576 1979 615 2028 eo
631 1957 679 2028 sis
693 1964 732 2028 ut
747 1957 865 2033 eadem
880 1959 1051 2029 exclames
1065 1959 1193 2048 quibus
1205 1964 1326 2041 semet,

252 2095 317 2146 nec
336 2074 479 2165 iniuria,
500 2073 691 2143 Pseudolus
708 2073 866 2163 increpat
886 2075 988 2144 :lom
1009 2074 1096 2144 rotis
1113 2083 1162 2144 est
1175 2073 1331 2165 philoso-

249 2189 392 2282 phatum
408 2184 439 2258 ¹!

301 2306 432 2379 Ceterae
451 2316 568 2380 autem
586 2304 718 2376 fabulae·
733 2326 804 2389 non
827 2306 939 2378 solum
956 2302 1177 2395 philosophia
1188 2317 1326 2394 -vacant,

252 2423 313 2495 sed
328 2444 372 2495 ne
387 2424 544 2495 ridemus
569 2423 709 2514 quidem
733 2443 885 2513 quonam
905 2422 1007 2492 modo
1031 2421 1080 2492 eis
1107 2422 1328 2513 philosophia
1444 2425 1449 2434 “

252 2540 434 2611 commode
456 2541 638 2611 admisceri
661 2542 824 2628 potuerit.
851 2541 922 2611 Sibi
950 2542 1093 2614 Plautus
1120 2542 1156 2611 in
1176 2538 1330 2631 Captivis

252 2653 446 2745 gratulatur
462 2655 556 2742 quod
571 2653 654 2722 hinc
666 2647 949 2743 subopit'otiouos,
968 2661 1002 2723 et
1020 2655 1223 2738 amotionea,
1241 2654 1331 2723 leno-

252 2790 309 2838 nea
325 2770 477 2861 perjuros
495 2778 527 2838 et
547 2769 733 2838 meretrices
750 2770 874 2855 moloc,
893 2767 1097 2860 spumidicos
1113 2778 1145 2838 et
1161 2770 1331 2839 immemo-

251 2884 374 2957 rabilcs
390 2907 505 2956 omaus
522 2888 642 2958 sedulo
661 2889 864 2971 removerit,
888 2895 922 2959 et
947 2896 1090 2977 propter
1111 2888 1203 2958 hanc
1222 2909 1331 2980 argu-

253 3003 361 3076 menti
384 3004 603 3075 sanctitatem
628 3004 917 3094 honestatemque
941 3025 1172 3093 personarum
1202 3004 1332 3075 hones·

253 3127 370 3194 torum
385 3101 675 3212 civium‘plausus
690 3123 758 3192 sibi
778 3102 956 3194 vindicat:

353 3330 406 3402 Qui
419 3330 559 3407 pudicitie
570 3347 629 3391 esse
642 3331 725 3392 vultis
740 3315 897 3408 premium,
912 3330 1042 3408 plausum
1057 3330 1148 3391 date¹.

253 3521 318 3594 Sed
345 3521 493 3611 majores
513 3525 548 3589 et
570 3520 763 3590 crebriores
793 3520 971 3609 pudicitiae
1000 3513 1143 3590 Plautus
1166 3519 1332 3593 intulerat

253 3638 421 3729 iniurias,
445 3616 549 3727 duam
567 3645 607 3707 ut
622 3637 679 3706 illa
701 3638 837 3707 reniam
858 3636 994 3708 facilius
1017 3637 1240 3707 condonaret.
1262 3638 1331 3723 Qui

253 3755 346 3825 enim
372 3755 430 3825 hic
456 3754 633 3845 pudicitiae
660 3773 765 3825 causa
794 3752 860 3824 sibi
885 3754 1002 3843 plaudi
1032 3772 1172 3841 aequum
1199 3761 1328 3836 censet,

253 3870 392 3958 saepius,
413 3872 449 3941 in
468 3872 591 3942 ceteris
609 3870 750 3955 fabulis,
778 3877 814 3942 et
832 3871 968 3960 aequius
991 3875 1204 3960 spectatores
1227 3888 1331 3960 roga-

252 3992 350 4057 verat
380 3991 420 4057 ut
452 3986 584 4057 Veneris
615 4008 719 4058 rouro
751 3981 999 4078 plauderent³.
1029 3990 1098 4055 Has
1132 3992 1328 4056 scortorum

291 4195 299 4228 ¹
322 4191 458 4258 Pserrdol„
480 4194 513 4258 ll,
534 4195 561 4258 5,
583 4193 627 4248 Ἠ.
641 4221 676 4234 -
690 4195 701 4230 ¹
716 4191 836 4263 Ooptto„
853 4195 904 4247 sub
917 4193 963 4249 lin.
976 4218 1013 4232 -
1027 4189 1038 4227 θ
1052 4192 1172 4256 mucul..
1195 4191 1226 4255 V,
1250 4193 1293 4246 75.
