3000 5220
648 421 843 491 ..58-

210 588 299 660 mss
315 588 529 658 multitudini
546 589 690 658 studuit.
715 590 790 659 Non
808 590 901 658 enim
927 578 957 658 ei
982 590 1077 660 cordi
1096 596 1185 675 erat,
1203 597 1288 664 tan·

209 724 314 794 quam
332 705 464 786 Plauto,
474 711 514 774 ut
525 706 701 774 Romanos
716 724 801 774 usus
814 710 930 794 aperte
944 704 980 773 in
993 704 1123 776 Graecis
1137 707 1287 800 referret

209 820 356 905 labulis;
377 841 416 890 ea
432 821 563 903 solum,
587 820 615 888 si
635 821 768 892 Donato
787 820 890 890 fidem
915 820 1096 906 babemus,
1117 823 1287 896 immuta-

209 935 284 1018 bat,
313 952 393 1024 quae
416 933 538 1032 alienis
559 935 717 1006 moribus
742 937 917 1005 Romanos
938 942 1150 1026 spectatores
1175 938 1286 1010 offen-

209 1048 343 1120 dissent
358 1047 391 1132 ⁸;
414 1051 593 1134 Graeciam,
612 1058 651 1121 ut
673 1052 721 1120 ita
747 1052 870 1135 dicam,
891 1052 952 1122 ubi
978 1073 1015 1122 se
1037 1054 1153 1141 prodit
1170 1056 1287 1124 mani-

209 1164 342 1248 festius,
362 1167 473 1249 delet;
492 1170 635 1237 llomam
652 1189 735 1238 vero
754 1188 927 1258 nusquam
947 1168 1102 1253 inducit;
1128 1171 1286 1261 dumque

201 1283 242 1352 ,ei
258 1282 343 1351 satis
367 1290 420 1352 est
440 1289 480 1353 ut
504 1284 673 1372 populum
695 1302 765 1353 non
793 1282 959 1365 offendat,
977 1291 1016 1353 ut
1031 1284 1190 1368 oblectet,
1210 1306 1284 1355 uon

210 1399 372 1469 consulit.
389 1402 512 1480 Immo,
526 1418 635 1487 quum
651 1406 742 1468 esset
756 1398 896 1468 aliunde
910 1399 1049 1483 insitus,
1064 1420 1177 1488 neque
1192 1401 1285 1472 inter

209 1514 365 1602 plebeios
382 1513 597 1594 adolevisset,
619 1513 795 1601 quodnam
813 1512 918 1584 suerit
934 1514 1046 1603 plebis
1060 1515 1166 1605 hujus
1185 1516 1287 1607 inge-

211 1630 321 1711 nium,
339 1638 373 1698 et
388 1647 452 1716 per
467 1647 545 1716 quae
557 1636 675 1717 posset
688 1630 846 1712 detineri,
867 1632 1011 1699 omniuo
1029 1632 1166 1703 videtur
1183 1633 1286 1723 igno-

210 1764 317 1834 rasse.
336 1746 434 1832 Opus
449 1744 542 1813 enim
557 1764 671 1828 suum,
688 1752 875 1833 antequam
892 1753 1024 1836 agatur,
1036 1749 1172 1836 ‚populo
1189 1768 1287 1818 com-

210 1860 452 1940 mendaturus,
476 1859 789 1950 prohibiturusque
806 1881 865 1942 ne,
886 1862 980 1949 quod
1002 1863 1117 1931 evcnit
1142 1865 1282 1952 saepius,

211 1975 328 2047 labula
344 1975 402 2046 six
418 1975 591 2060 inchoata,
608 1977 651 2045 ad
668 1976 893 2048 funambulos
917 1985 952 2047 et
970 1975 1179 2068 gladiatores
1201 1998 1287 2051 con-

212 2099 421 2176 curreretur,
440 2093 528 2162 nibil
541 2093 608 2162 nisi
626 2094 799 2164 sermonis
818 2094 1025 2186 elegantiam
1040 2096 1184 2166 laudat:

459 2285 557 2351 uiroc
570 2291 612 2351 est
626 2303 697 2365 pura
707 2287 801 2364 ,oratio
811 2292 832 2346 ¹.

213 2497 352 2581 Quanto
378 2493 529 2585 gratiora
548 2500 583 2565 et
599 2495 794 2586 acceptiora
815 2495 981 2565 Romanis
997 2515 1071 2585 prae
1091 2515 1129 2565 se
1144 2495 1288 2564 Plautus
1355 2562 1358 2569 .

213 2610 346 2680 serebat
374 2614 408 2678 et
430 2610 677 2699 pollicebatur,
706 2606 894 2701 siquando
918 2610 1037 2697 vellet,
1064 2612 1100 2679 in
1120 2610 1284 2703 prologis,

212 2720 416 2797 benevolam
429 2722 507 2809 sibi,
521 2731 564 2810 et,
579 2727 673 2817 quod
688 2733 762 2798 erat
779 2725 962 2809 difficilius,
978 2727 1137 2797 silentem
1149 2728 1287 2815 plebem

213 2839 325 2916 facere
345 2862 352 2909 :

354 3034 428 3092 lnsst
441 3033 520 3109 lepos
534 3033 671 3110 ludusque
684 3033 713 3094 in
726 3034 779 3095 hec
788 3031 938 3107 comedia,

354 3121 481 3185 Ridicula
492 3139 536 3185 res
549 3129 591 3185 est
602 3127 622 3183 ⁸.

263 3292 305 3366 lu
322 3320 403 3368 vero
422 3301 572 3391 lepores,
599 3303 800 3374 rusticiores
823 3322 906 3372 saue
931 3307 966 3371 et
985 3300 1227 3390 proterviores
1250 3310 1289 3371 ut

215 3415 275 3502 qui
285 3416 328 3484 ad
339 3417 480 3487 rusticae
491 3418 603 3507 plebis
614 3419 795 3511 ingenium
807 3418 1165 3500 accommodarentur,
1178 3417 1289 3486 doctis

216 3531 430 3621 eruditisque
447 3544 481 3607 et
501 3536 677 3609 Plautinas
694 3537 814 3607 sardes
834 3523 913 3607 cum
933 3535 1116 3609 Menandri
1143 3531 1288 3604 urbani-

216 3651 286 3716 tate
309 3651 600 3739 componentibus
626 3652 713 3722 mire
741 3651 960 3723 stomachum
988 3650 1184 3721 movebant.
1212 3647 1289 3716 Non

216 3767 356 3847 tamen,
379 3767 446 3835 nisi
467 3767 592 3838 studiis
620 3769 695 3860 ejus
719 3771 869 3858 quodam
900 3768 1003 3836 modo
1031 3765 1287 3855 indulgeretur,

217 3875 290 3947 iera
307 3900 392 3971 gens
411 3882 448 3952 in
471 3884 617 3954 theatris
644 3886 810 3971 detineri,
839 3894 872 3955 et
889 3884 1086 3954 litterarum
1105 3880 1202 3951 rudis
1226 3898 1290 3968 po-

252 4116 260 4150 ¹
278 4119 365 4172 schol.
375 4123 401 4173 tu
415 4119 507 4188 Phor„
519 4125 540 4189 l,
554 4126 580 4189 Ξ,
595 4129 679 4185 la-
689 4126 700 4158 ¹
710 4129 783 4188 Ter„
795 4127 988 4187 Hecataeum,
1001 4124 1069 4189 prol.
1083 4116 1189 4174 l6.-³
1202 4121 1289 4197 Astu„

216 4207 285 4271 prol.
305 4209 348 4260 lb.

760 4712 959 4856 Α,
