3000 5220
652 384 843 453 -ao-
944 360 948 368 '

211 572 316 644 quam
331 550 464 621 vitiavit
477 550 513 618 in
530 549 791 619 matrimonium
810 551 950 621 ducenti
967 550 975 586 ¹
991 551 1047 622 vix
1061 552 1193 640 aliquot
1208 574 1285 624 ver-

211 691 283 751 sus,
310 688 373 737 nee
400 668 536 748 lubens,
563 676 798 749 concesserat;
824 668 984 738 Casinam
1011 678 1172 759 parentes
1202 691 1284 742 suos

211 786 441 874 reperientem
458 805 476 853 a
496 804 599 853 scena
617 795 831 855 removerat:
850 787 986 874 quoties
1005 808 1086 859 vero
1103 789 1192 858 servi
1213 790 1286 858 col-

210 903 405 990 loquuntur
429 906 489 969 aut
510 900 731 982 altercantur,
749 902 833 970 adeo
853 903 1014 972 lubenter
1031 903 1173 973 Plautus
1198 905 1286 975 solet

212 1017 403 1099 immorari,
426 1016 535 1086 utrix
554 1014 656 1084 finem
674 1017 855 1104 colloquiis
873 1019 1070 1109 jurgiisque
1086 1027 1227 1091 statuat.
1242 1024 1286 1092 Ut

212 1139 277 1210 alia
298 1137 467 1219 omittam,
489 1158 567 1225 quae
584 1137 668 1205 mihi
687 1137 722 1205 in
743 1136 870 1223 Strabo,
887 1139 923 1207 in
942 1136 1106 1223 Rudente,
1125 1139 1162 1206 in
1183 1138 1284 1206 l’crso

211 1261 247 1324 et
271 1255 308 1323 in
337 1253 464 1323 ceteris
489 1252 557 1322 lere
583 1249 749 1324 omnibns
770 1275 895 1346 magna
916 1262 1006 1327 esset
1029 1256 1128 1344 copia
1153 1274 1284 1325 merno-

211 1371 322 1453 randi‚
351 1371 387 1439 in
417 1372 536 1440 eadem
557 1369 732 1456 Asinaria,
761 1372 803 1441 de
836 1392 903 1460 qua
932 1374 1034 1443 modo
1064 1392 1178 1442 sermo
1205 1370 1283 1454 suit,

211 1488 398 1556 Leonidam
415 1488 556 1555 Plautus
574 1486 712 1557 induxit
736 1488 967 1576 trepidantem
987 1494 1022 1559 et
1037 1505 1282 1558 conservorum

212 1603 397 1693 quemdam
415 1601 685 1690 quaeritantem:
1307 1608 1309 1613 ’

246 1801 297 1860 Ubi
311 1816 362 1875 ego
375 1815 448 1858 nunc
459 1797 594 1857 Libanum
609 1798 761 1873 requiram,
771 1803 820 1858 aut
833 1798 996 1858 familiarem
1010 1797 1097 1858 lilium

246 1894 289 1951 Uti
307 1909 358 1966 ego
374 1884 624 1951 illos'lubenliores
639 1891 750 1964 faciam,
765 1908 849 1966 quam
866 1890 1001 1949 Lubentia
1012 1891 1100 1948 sti...
1139 1969 1143 1977 Ι

246 1981 318 2041 Perii
331 1996 383 2055 ego
393 1981 507 2056 oppido,
520 1980 573 2039 nisi
587 1980 721 2040 Libanum
730 1981 840 2041 invenio
850 1981 920 2056 jam,
936 1979 984 2038 ubi
999 1978 1046 2038 ubi
1057 1983 1099 2038 est
1113 1976 1236 2054 gentium
1244 1980 1265 2036 ².

212 2163 276 2235 Sed
290 2159 418 2257 βραδέως
433 2159 544 2230 σπεύδει
569 2160 751 2243 Leonidas,
775 2162 835 2250 qui
859 2181 935 2230 non
959 2179 1088 2249 paucos
1108 2178 1229 2229 versus
1247 2158 1283 2227 in

211 2279 310 2351 vanis
337 2277 484 2366 loquelis
509 2277 557 2346 ita
586 2276 772 2358 consumit,
803 2283 843 2346 ut
866 2276 941 2364 ipse
964 2294 1036 2344 suae
1056 2274 1101 2344 sit
1122 2273 1284 2343 conscius
1355 2349 1364 2367 ,

212 2416 319 2467 morae
340 2403 373 2466 et
387 2402 496 2466 semet
511 2393 742 2483 reprehendat
757 2415 764 2463 :

246 2586 300 2645 Sed
314 2584 380 2659 quid
395 2600 446 2657 ego
460 2583 505 2642 bie
520 2599 673 2658 properans
685 2558 815 2642 concesso
828 2583 957 2658 pedibus,
971 2582 1065 2657 lingua
1078 2581 1200 2657 largiori

246 2674 317 2746 Quin
331 2689 383 2747 ego
394 2674 466 2731 hanc
477 2672 563 2748 jubeo
575 2679 678 2745 tacere,
692 2688 753 2746 quae
766 2672 882 2747 loquens
894 2673 996 2731 lacerat
1007 2671 1082 2731 diem
1092 2673 1124 2727 ³?

211 2855 276 2926 Ubi
307 2873 389 2924 vero
418 2853 589 2923 Libanum
616 2851 818 2921 convenerit
849 2855 918 2920 tam
952 2850 1054 2921 anxie
1082 2848 1281 2939 quaesitum,

211 2992 320 3063 quum
343 2968 601 3042 festinationem
614 2990 670 3040 res
686 2989 841 3059 praesens
855 2969 1016 3059 postulet,
1030 2975 1064 3038 et
1076 2967 1164 3037 nihil
1175 2966 1284 3058 magis

211 3091 351 3179 utrique
372 3089 466 3158 cordi
486 3089 531 3158 sit
551 3109 655 3177 quam
668 3088 904 3159 ulatriensem
915 3089 1078 3158 Sauream
1093 3085 1281 3174 suppilent,

211 3207 476 3297 Argyrippoque
495 3212 726 3275 commeatum
743 3206 978 3294 argentarium
996 3209 1194 3293 suggerant,
1214 3219 1283 3289 quo

211 3330 282 3392 tarn
312 3321 437 3388 misere
467 3326 553 3408 eget,
580 3339 649 3388 non
679 3327 828 3407 possunt
854 3327 970 3388 tamen
996 3317 1081 3407 quin
1108 3337 1145 3387 se
1173 3315 1283 3387 solitis

208 3437 335 3532 jurgiis
353 3435 595 3506 consalutent:

271 3615 450 3694 Gymnasium
467 3614 544 3691 flagri
560 3615 720 3674 salveto.=-
729 3615 801 3686 Quid
815 3614 884 3690 agis,
898 3620 991 3674 custos
1005 3612 1146 3675 carceris?

281 3739 317 3753 -
330 3710 353 3767 0
365 3714 525 3767 catenarum
537 3706 648 3764 colone!
660 3737 695 3749 -
709 3705 882 3780 Virgarumo
896 3706 1006 3764 lascivia
1015 3707 1041 3762 ⁶!

211 3875 310 3943 Tunc
324 3873 371 3942 ita
385 3873 505 3944 festive
521 3872 590 3942 orsi
605 3879 639 3942 et
653 3872 812 3962 populari
825 3873 950 3961 plausu
966 3870 1102 3941 accensi
1118 3874 1279 3959 pergunt,

212 3989 373 4059 atriensis
393 3990 541 4074 Saureae,
557 3996 590 4061 et
605 3989 801 4081 Argyrippi,
828 3995 862 4059 et
882 3989 1009 4059 sabulae
1029 3987 1140 4077 ipsius
1159 3986 1284 4054 imme.-

248 4184 255 4218 ¹
269 4184 389 4247 aroana,
404 4185 445 4246 ιν,
462 4180 1238 4250 astruamuretar.-‚³1n.2aa.-⁸1o.‚ar.
