3000 5220
664 437 857 508 ..46-

225 602 320 673 senis
344 600 517 672 sustinere
540 601 713 673 aiebam&
741 603 794 672 Ad
815 621 935 672 eorum
959 602 1105 694 effigiem
1129 607 1296 696 Pamphi-

225 718 310 801 lum,
336 719 373 787 in
396 715 548 801 Andria,
577 718 704 789 mirum
725 719 762 786 iu
782 720 923 788 modum
947 720 1057 808 patris
1082 730 1296 792 reverentem

224 834 351 923 vixque
378 834 408 903 ei
438 834 622 903 audentem
652 833 825 905 adversari
857 835 1039 920 Terentius
1079 835 1294 926 descripsit&

224 951 334 1017 Immo
360 947 538 1036 Ctesipho,
565 948 601 1018 in
627 947 801 1039 Adelphis,
817 931 990 1036 ‘quamvis
1014 952 1236 1040 asperior‘sit
1263 961 1296 1024 et

224 1067 456 1149 subrusticus
477 1069 650 1156 nequead
669 1069 922 1138 humanitatem
948 1070 1117 1159 Pamphili
1142 1073 1293 1155 accedat,

223 1191 369 1273 patrem,
395 1183 502 1255 velih
524 1183 600 1272 ipso
622 1184 778 1254 lihidinis
805 1184 954 1274 impetu,
969 1204 1073 1273 quam
1094 1187 1293 1272 clementer,

223 1321 327 1390 quam
349 1300 417 1389 pie,
432 1308 472 1371 ut
486 1301 533 1378 ita
549 1301 673 1384 dicam,
696 1303 825 1392 tangit!
843 1301 907 1371 Cui
923 1322 1001 1371 cum
1013 1302 1106 1395 *nihil
1123 1304 1217 1375 aliud
1233 1326 1297 1395 op-

223 1420 357 1503 taverit,
378 1419 446 1489 nisi
465 1427 505 1490 ut
518 1428 661 1509 propter
673 1418 841 1510 longioris
860 1414 1001 1490 itineris
1012 1421 1165 1492 laborem

311 1653 414 1746 Triduo
432 1655 484 1714 hoe
498 1662 633 1732 perpetuo
647 1671 776 1730 prorsum
791 1670 807 1714 e
820 1654 893 1715 lecto
905 1661 1025 1731 nequeat
1036 1673 1159 1732 surgere,

219 1871 352 1953 veritus
371 1876 488 1941 tamen
506 1891 550 1941 ne
567 1871 674 1960 impia
700 1870 899 1959 conceperit
921 1878 1018 1955 vota,
1040 1871 1095 1940 his
1118 1891 1155 1941 se
1178 1871 1294 1943 verbis

220 1988 341 2058 sedulo
358 1988 521 2078 corrigit:
541 1985 715 2078 quodcum
731 1986 843 2055 solute
858 1987 930 2078 ejus
942 1983 1024 2078 fiot³
1039 1990 1045 2056 l
1063 1989 1175 2079 Hujus
1192 1989 1294 2058 indo-

218 2104 261 2172 lis
278 2103 368 2172 filios
389 2104 481 2191 apud
502 2105 663 2175 Plautum
683 2105 797 2175 nullos
823 2104 990 2175 invenies.
1017 2105 1148 2176 Omnes
1176 2115 1294 2196 aperte

218 2217 400 2288 ludilicant
429 2225 582 2307 patrem,
609 2240 858 2308 servorumque
895 2226 931 2289 et
964 2221 1196 2308 parasitorum
1228 2243 1293 2310 ope

218 2334 392 2419 instructi,
417 2337 511 2406 nulla
534 2336 754 2406 remordente
775 2334 856 2404 lacti
876 2335 1106 2418 conscientia,
1128 2337 1290 2426 spoliant,

119 2491 122 2497 =
218 2458 252 2522 et
269 2452 297 2521 si
314 2454 456 2541 paulum
473 2453 652 2524 obnitatur
665 2460 774 2543 pater,
789 2473 854 2522 nec
867 2472 904 2522 se
916 2451 1057 2541 spoliari
1075 2462 1109 2523 et
1122 2451 1292 2523 ludificari

217 2567 405 2657 benignius
420 2567 518 2651 serat,
532 2571 652 2658 pejora
666 2569 769 2638 etiam
787 2569 818 2638 ei
835 2576 869 2639 et
884 2569 1028 2640 saeviora
1046 2568 1294 2658 imprecabun-

216 2690 289 2755 tur.‘
315 2685 384 2766 Nec
409 2683 469 2772 qui
498 2683 588 2754 forte
608 2682 752 2754 luerunt
779 2683 900 2771 patriae
927 2683 1143 2753 auctoritatis
1171 2667 1293 2756 ohser-

168 2781 171 2786 ’
216 2799 391 2871 vantiores
411 2798 523 2893 (quod
538 2800 574 2869 in
594 2820 665 2870 uno
680 2799 739 2869 vix
752 2806 812 2869 aut
831 2800 938 2870 altero
960 2794 1099 2892 accidit)
1126 2800 1289 2889 pietatem

216 2917 307 2987 hano
323 2915 498 2984 insolitam
517 2914 578 2985 diu
594 2914 768 2998 retinent;
790 2923 922 2985 namet
940 2913 1128 2999 Charinda,
1146 2915 1183 2986 in
1204 2919 1291 2987 ller-

215 3041 336 3116 cctore,
354 3033 410 3103 cui
426 3031 579 3123 primum
594 3030 699 3126 scelus
722 3028 855 3099 videtur
866 3030 965 3121 patri
979 3031 1135 3124 proloqui
1150 3033 1290 3103 molada-

213 3149 303 3218 cium
316 3143 342 3233 ⁴,
359 3169 441 3218 mox
453 3149 546 3239 quod
559 3167 679 3220 servus
689 3145 881 3237 pulchrada
893 3144 1073 3215 subleverit
1084 3148 1182 3237 patri
1194 3148 1291 3219 laeta·

215 3261 318 3346 tur⁵3
337 3271 371 3333 et
389 3264 570 3334 Calidorus
590 3263 649 3351 qui
669 3262 797 3352 pictate
811 3258 1014 3350 ⁸prolu'delur
1033 3282 1075 3328 nc
1096 3259 1178 3352 quid
1192 3263 1291 3353 patri

213 3378 380 3469 surripiat
393 3376 417 3462 ⁶,
432 3379 523 3449 idem
540 3378 663 3468 estqui
677 3378 824 3447 amicam
837 3377 1059 3460 liberaturus,
1079 3380 1286 3451 Pseudolum

213 3503 313 3589 rogat
332 3517 403 3567 non
422 3498 525 3567 modo
545 3503 584 3567 ut
601 3503 737 3585 patrem
754 3493 946 3579 defraudet,
973 3494 1044 3577 sed,
1061 3495 1090 3564 si
1107 3495 1247 3584 poterit,

248 3750 258 3786 ¹
274 3752 355 3823 ilem,
365 3755 474 3817 Frcym.
488 3752 553 3814 inc,
573 3749 626 3802 ὅθι

370 3897 512 3969 Αἰσχύνομαι
528 3896 566 3948 τὸν
578 3893 684 3964 haclea,
702 3899 846 3962 Κλειτοφῶν,
860 3893 937 3966 μόνον·

374 3984 530 4039 ’Δντιῧλίπειν
542 3986 627 4038 iscium
638 3985 663 4037 οὐ
678 3980 817 4055 δυνήσομαι,
826 3991 879 4040 ete.

210 4140 267 4198 τ’
281 4144 354 4208 Ter„
371 4142 468 4208 Andr„
484 4145 506 4207 l,
522 4145 550 4207 5,
564 4142 610 4194 27.
627 4139 684 4180 -⁸
695 4141 768 4203 Ter„
782 4139 908 4205 Adelph,
928 4138 971 4205 lv,
984 4143 1009 4204 l,
1021 4138 1245 4205 5.-⁴llercct.,
1261 4139 1282 4207 l,

209 4231 236 4296 ²,
259 4233 304 4286 96.
320 4231 487 4295 -tnerc,
510 4231 556 4294 lli,
579 4231 607 4293 l,
630 4230 673 4283 19.
694 4255 728 4268 -
747 4223 877 4289 ⁰Pteud2,
897 4226 920 4290 1,
940 4230 968 4292 δ,
985 4229 1030 4282 li'l.
