3000 5220
650 433 842 504 ...34-

209 603 386 691 exemplar
399 606 493 671 arcta
508 600 702 668 imitatione
716 607 834 687 posset
850 596 1033 665 contineri.
1053 597 1171 682 Neque
1190 595 1283 664 enim

209 718 351 809 parasiti
381 716 595 798 festinantes,
625 735 739 803 neque
767 716 816 782 ira
844 713 966 802 perciti
995 710 1144 792 domini,
1172 731 1285 799 neque

210 835 299 906 servi
319 835 355 903 in
376 854 501 924 magno
515 833 682 922 impliciti
705 831 870 921 periculo,
892 849 1005 918 neque
1022 835 1137 916 patres
1157 826 1284 895 amisso

122 1008 124 1014 ,
211 952 281 1021 tilio
304 963 492 1021 moerentes
526 950 718 1032 abstinent,
746 950 831 1038 quin
857 950 955 1040 jocos
983 948 1154 1035 salesque,
1186 945 1284 1035 queis

211 1070 329 1140 nullus
353 1090 508 1159 unquam
526 1069 761 1138 abundantior
780 1068 994 1155 ferociorque
1020 1065 1152 1135 exstitit
1171 1072 1283 1153 poeta,

212 1185 356 1255 audiant
383 1186 542 1267 libenter,
576 1193 610 1255 et
639 1186 806 1254 libentius
840 1184 943 1254 etiam
972 1186 1188 1269 expromunt.
1217 1179 1284 1265 Qui

210 1299 351 1389 quidem
376 1301 457 1391 joci,
480 1301 649 1389 originem
675 1320 772 1369 suam
798 1321 868 1369 non
898 1298 1083 1379 mentitio
1109 1297 1218 1365 Roma
1250 1314 1287 1364 se

212 1432 287 1482 esse
312 1411 487 1501 profectos
516 1413 744 1496 denuntiant,
769 1415 863 1501 quod
895 1412 1086 1501 saepissime
1112 1415 1287 1507 Romanos

213 1527 365 1617 reserant
384 1551 480 1612 usne,
503 1537 537 1599 et
562 1550 580 1598 e
608 1531 765 1600 moribus
792 1531 959 1600 Romanis
986 1532 1169 1601 ducantur.
1196 1529 1288 1598 Nihil

216 1646 323 1736 magis
339 1632 484 1715 Romam
507 1646 703 1715 exercuisse
722 1647 852 1716 scimus
868 1669 972 1735 quam
989 1648 1118 1716 bellum
1139 1655 1173 1716 et
1193 1645 1287 1736 judi·

215 1763 266 1832 eia
289 1750 421 1833 :nulla
454 1761 671 1851 frequentius
700 1764 736 1832 in
769 1765 938 1833 Plautinis
967 1763 1055 1854 jocis
1085 1767 1286 1844 occurrunt,

214 1900 318 1971 quam
343 1903 422 1971 quae
451 1887 562 1950 castra
587 1889 621 1951 et
650 1881 764 1952 forum
792 1883 960 1951 redolent.
992 1881 1104 1963 Servi,
1129 1878 1286 1970 parasiti,

214 2018 331 2080 senes,
351 1999 602 2081 adolescentes,
627 1999 804 2081 lenonem,
836 1998 1052 2086 militemque
1081 2003 1115 2067 et
1144 2015 1288 2067 uxorem

214 2110 419 2196 fraudaturi,
440 2112 604 2181 attollunt
629 2113 743 2203 siquo,
761 2113 904 2203 lepiones
927 2112 1115 2198 adducunt,
1128 2111 1292 2181 interclu-

199 2226 301 2298 'dunt
320 2227 470 2297 inimicis
491 2237 711 2298 commeatum
729 2237 760 2296 et
776 2229 842 2297 slot
859 2229 1020 2298 muniunt
1037 2229 1144 2313 biom,
1167 2238 1290 2297 ructum

213 2347 394 2437 superoque
408 2345 572 2437 injiciunt
583 2344 868 2437 perduellionem
880 2345 997 2436 proedo
1012 2345 1127 2414 onusti
1141 2342 1291 2413 onerati-

214 2485 276 2554 que
293 2462 433 2532 redeunt
448 2469 513 2534 eto.
529 2464 730 2534 Lenonibus
745 2485 837 2547 vero,
860 2463 1111 2553 militibusque,
1131 2473 1164 2533 et
1184 2462 1291 2552 patri·

215 2580 294 2663 bus,
314 2587 457 2671 argento
472 2587 533 2650 aut
552 2582 673 2669 pellice
700 2581 868 2672 spoliatis,
893 2602 963 2652 una
987 2603 1053 2652 vox
1077 2582 1229 2663 auditur,
1258 2589 1292 2651 et

157 2696 161 2707 ’
205 2717 295 2768 vere
309 2700 462 2768 Romana
483 2721 490 2767 :
507 2697 649 2767 Amtuta
664 2699 701 2767 in
713 2700 789 2789 jun·
805 2699 873 2789 lopo
887 2699 998 2789 opitu,
1011 2698 1087 2767 lt‘cet
1099 2691 1292 2767 obtestari?

217 2813 231 2882 i
255 2813 300 2882 ud
321 2825 508 2904 pretorem.
531 2816 687 2899 Parasiti,
707 2815 798 2886 fame
816 2817 976 2906 impetiti,
1003 2824 1063 2887 aut
1086 2837 1122 2886 se
1136 2798 1138 2802 ¹
1145 2816 1293 2906 juvenes

216 2929 322 2999 vitam
354 2937 521 3019 negantes
547 2930 730 3000 barbarica
750 2932 824 3021 lege
850 2953 1074 3023 aggressuros
1099 2932 1290 3016 minantur,

217 3045 380 3133 diemque
401 3046 556 3116 dicturos
580 3056 614 3116 et
637 3049 780 3117 multam
805 3050 1018 3138 irrogaturos
1033 3047 1057 3132 ¹,
1087 3057 1147 3118 aut
1178 3068 1292 3118 mores

216 3162 386 3232 barbaros
419 3161 610 3244 discentes,
637 3163 877 3253 suimetipsius
905 3166 1102 3235 auctionem
1132 3163 1290 3248 faciunt,

218 3284 322 3365 atque
347 3277 395 3348 ita
419 3278 591 3349 auctionis
617 3278 709 3370 leges
738 3282 935 3363 observant,
968 3287 1007 3352 ut
1038 3283 1103 3352 sub
1133 3282 1231 3352 hasta
1260 3288 1295 3351 et

219 3412 334 3462 eoram
348 3415 510 3483 praecone
524 3415 597 3464 rem
614 3395 668 3484 agi
685 3397 804 3465 credas
816 3399 840 3464 ².
859 3398 1070 3482 Quinetiam
1087 3398 1153 3486 ipsi
1173 3416 1295 3465 aman-

218 3517 282 3592 tes,
303 3531 391 3599 quos
405 3513 510 3582 verba
530 3533 548 3581 e
566 3521 757 3600 praetorum
770 3514 849 3604 jure
868 3523 966 3584 eruta
991 3514 1136 3600 minime
1157 3515 1291 3596 decent,

219 3627 267 3695 ita
281 3648 372 3718 saepe
387 3630 478 3700 inter
493 3652 530 3700 se
545 3635 803 3721 colloquuntur,
824 3640 863 3701 ut
879 3652 938 3702 eos
954 3631 1115 3700 didicisse
1130 3639 1164 3699 et
1183 3630 1295 3718 expla-

219 3762 320 3815 nasse
336 3747 453 3817 decem
472 3751 608 3820 tabulas
627 3770 697 3819 non
715 3750 888 3818 immerito
906 3748 1104 3837 suspiceris.
1127 3747 1294 3817 Pboedro-

220 3878 309 3945 mus,
329 3883 399 3952 quo
421 3885 496 3934 non
526 3867 611 3936 alter
638 3875 690 3935 est
721 3866 905 3948 amantior,
934 3886 1043 3953 quum
1073 3866 1115 3934 ad
1146 3863 1293 3933 amicam

219 3978 332 4066 primo
351 3983 504 4054 diluculo
524 3985 648 4075 pergit,
667 3985 703 4054 in
723 3983 850 4068 lorum,
870 3985 913 4053 ad
929 3983 1294 4073 iudicesdescendere
1376 4044 1379 4051 .

257 4245 265 4283 ¹
280 4242 358 4316 Cape.
376 4249 420 4312 ιιι,
435 4253 459 4314 ι,
471 4251 514 4304 aa.
528 4249 721 4312 -2sucr.,1,
737 4251 764 4310 a,
777 4250 821 4302 ot.
