3000 5220
486 389 491 396 ’
589 401 785 468 -at-

149 572 302 663 agnosci,
319 575 353 640 et
371 570 442 658 qui,
465 570 501 637 in
523 567 681 636 Plautino
702 565 857 655 prologo,
875 569 1042 654 aegrotare
1056 560 1184 633 dicitur
1196 560 1220 646 ¹,

148 709 190 758 ex
205 690 292 757 lecto
309 674 371 756 suo
387 689 529 755 Plautus
542 705 612 752 non
629 683 765 764 excitat,
782 701 845 751 nec
863 681 899 748 in
913 701 1052 750 scenam
1069 680 1233 763 inductu,

148 805 377 893 EuthynicuS,
389 803 577 872 Stalinonis
592 801 695 882 filius,
707 801 765 887 qui
782 799 942 869 Casinam
957 799 1101 886 deperit,
1116 799 1222 868 semel

85 931 92 944 '
148 922 350 990 nominatur
367 927 400 990 ct
416 940 590 1008 nusquam
608 925 751 1006 apparet
762 902 771 984 ¹:
789 902 873 986 'eum
888 915 1039 1013 Statim,
1057 936 1101 984 ne
1116 934 1222 984 noce-

148 1044 201 1106 ret
218 1038 325 1106 amori
342 1057 417 1118 suo,
438 1037 473 1105 in
490 1037 605 1106 villam
624 1036 851 1124 ablegaverat,
870 1034 1022 1115 Plautus,
1040 1053 1084 1102 ne
1099 1040 1222 1102 noceat

148 1152 313 1236 sahulee‚a
328 1155 406 1223 villa
420 1173 490 1222 non
503 1153 652 1233 reducit;
672 1155 772 1243 ouJ'us
788 1151 837 1220 rei
855 1171 920 1219 nos
935 1157 1056 1222 auctor
1073 1151 1218 1242 prologi,

147 1288 212 1340 nec
230 1270 378 1353 inticete,
398 1270 561 1340 certiores
584 1259 689 1338 lecit:

322 1494 362 1564 is,
376 1507 411 1550 ne
425 1492 587 1567 expectetis,
599 1489 681 1550 hodie
694 1491 722 1549 in
735 1492 787 1550 hac
800 1491 936 1550 comoedia

324 1583 353 1639 ln
364 1582 462 1639 urbem
474 1598 530 1640 non
544 1581 661 1654 redibit3
679 1581 792 1640 Plautus
804 1581 896 1639 noluit
910 1601 917 1639 z

323 1674 440 1730 Pontem
454 1670 602 1746 interrupit
618 1671 738 1746 quierat
752 1670 779 1728 ci
794 1670 822 1728 in
833 1667 931 1728 itincre
942 1671 963 1726 ².

146 1909 250 1978 Poeta
272 1909 383 1991 enim,
407 1909 489 1978 dum
508 1908 624 1997 jurgia
645 1925 825 1976 servorum
843 1910 877 1974 et
896 1906 1023 1974 dotatae
1047 1906 1116 1975 iras
1136 1926 1221 1976 con-

143 2022 237 2112 jugis
262 2024 389 2112 gaudet
413 2023 591 2112 effingere,
619 2022 793 2110 falsasque
820 2028 971 2090 ostentat
994 2022 1135 2110 nuptias
1159 2043 1221 2111 per

146 2159 234 2227 quas
247 2139 416 2208 Stalinoni
435 2147 468 2208 ct
484 2140 597 2210 villico
615 2160 652 2207 os
669 2141 778 2228 probe
795 2139 951 2220 illinitur,
966 2141 1221 2210 adeolubenter

147 2255 352 2325 immoratus
382 2264 448 2338 est,
466 2263 505 2326 ut
531 2255 672 2343 reliquae
697 2257 903 2346 peragendae
928 2254 1054 2325 fabulae
1081 2263 1220 2344 tempus

146 2370 305 2442 desuerit.
326 2376 411 2442 Tum
430 2374 690 2461 properandum
716 2392 790 2440 esse
813 2370 985 2459 intelligit,
1008 2390 1061 2452 ne,
1084 2375 1123 2440 ut
1145 2371 1220 2459 ipse

146 2487 327 2574 praedicat,
352 2486 504 2576 [obulum
528 2487 633 2576 faciut
659 2508 704 2554 eoo
727 2486 829 2574 longo
852 2485 1034 2574 longiorem
1053 2480 1077 2554 ³.
1092 2488 1221 2576 ¹Neque

147 2609 264 2672 tamen
284 2604 364 2685 ulla,
386 2605 492 2672 tantis
515 2605 550 2672 in
567 2603 748 2692 angustiis,
768 2623 851 2673 cura
871 2609 1021 2672 mentem
1040 2603 1218 2684 sollicitat;

147 2739 228 2788 nam
249 2741 327 2808 quae
357 2720 410 2810 agi
440 2741 502 2809 per
534 2709 702 2810 personas
729 2739 800 2788 non
827 2725 993 2807 possunt,
1024 2726 1220 2808 opportune

147 2835 332 2918 admissus,
343 2856 448 2925 quam
468 2836 690 2925 paucissimis
705 2835 831 2916 verbis
854 2835 1026 2925 choragus
1039 2836 1216 2908 absolvet:

252 3051 436 3124 Specutores,
449 3011 524 3123 quod
539 3049 663 3107 futurum
676 3051 711 3108 'st
725 3049 799 3108 intus
813 3048 1101 3110 hicmemorabimus.

251 3142 313 3198 llaec
326 3140 424 3198 Casino
437 3140 520 3214 hujus
534 3141 692 3223 reperietur
709 3140 765 3198 filia
778 3157 839 3199 esse
854 3156 870 3198 e
885 3156 1033 3215 proxumo,

251 3231 345 3304 anue
358 3228 445 3288 nubet
455 3229 608 3305 Euthynico
625 3237 719 3288 nostro
733 3227 816 3288 herili
828 3227 897 3288 filio.
912 3231 970 3287 Etc.

146 3467 236 3538 Sane
259 3463 393 3535 facilior
417 3466 492 3535 haee
514 3472 548 3536 et
572 3466 802 3555 opportunior
824 3465 923 3547 ratio,
945 3486 1014 3555 qua
1031 3465 1170 3551 fabulae,
1190 3471 1219 3539 si

147 3584 290 3654 modum
324 3584 489 3653 excedere
521 3585 781 3672 reperirentur,
816 3583 992 3653 breviores
1026 3583 1171 3667 fierent,
1201 3607 1221 3654 a

147 3701 346 3791 Graecorum
372 3706 445 3769 arte
468 3705 502 3769 et
532 3701 655 3788 peritia
679 3700 776 3769 valde
804 3699 1034 3781 abhorrebat;
1063 3702 1124 3770 sed
1146 3695 1222 3771 'Ro-

147 3817 260 3887 manis
280 3837 350 3885 non
366 3817 502 3887 videtur
522 3816 764 3905 displicuisse:
784 3837 824 3886 ea
843 3817 936 3886 enim
956 3822 1018 3899 est,
1044 3816 1080 3886 in
1101 3817 1222 3886 Cistel-

149 3933 238 4001 laria
261 3934 399 4015 iterum,
424 3953 624 4022 quanquam
653 3935 757 4022 paulo
783 3933 931 4017 cautius,
961 3933 1128 4006 adhibita.
1152 3939 1219 4007 Rc-

185 4185 193 4221 ¹
212 4183 275 4239 Ouo.
286 4186 372 4253 prot,
385 4187 429 4239 57.
441 4185 497 4226 -2
510 4182 572 4238 Ouo.
584 4187 669 4251 prot,
683 4186 729 4240 dl.
741 4211 778 4225 -
789 4183 909 4251 ⁸cresin„
920 4187 951 4252 V,
964 4189 992 4252 l,
1007 4188 1051 4242 26.
