3000 5220
663 437 712 454 ....
738 400 778 477 tp
811 436 860 455 ..-

223 559 348 640 nomn
373 567 609 662 hominumque
632 569 976 662 imperotor‘oTum
990 586 1027 642 se
1045 571 1297 646 beumrnaoi·

223 685 321 758 festis
339 687 449 778 signis
461 688 631 770 coeloram
653 689 752 758 sedes
766 687 936 759 fulmineo
949 690 1064 780 quatit
1078 692 1207 775 sonitus
1225 707 1296 782 ouo

222 804 337 894 paridi
356 803 515 873 homines
534 805 577 873 ad
598 812 725 874 terram
745 804 958 896 affliguntur,
980 813 1015 877 et
1029 813 1163 877 tantam
1180 809 1296 878 omni·

144 960 147 968 f
221 921 289 990 bus
319 920 504 1008 potestatis
532 933 605 991 suae
633 921 862 991 reverentiam
895 923 1037 1006 incutit,
1068 928 1109 994 at
1133 928 1206 994 nort
1235 926 1297 995 ima

88 1020 90 1025 ’
221 1036 355 1118 merito,
392 1037 436 1105 ad
470 1044 683 1125 spectatores
721 1051 935 1123 oneremus,
958 1040 1160 1132 'benignior
1202 1038 1296 1113 dieat

219 1147 428 1240 Amphitruo
443 1173 451 1220 ε

430 1370 502 1431 iovis
517 1372 619 1432 summi
633 1379 716 1433 tonsa
730 1372 866 1448 plaudite.

219 1587 344 1659 Omnia
360 1587 436 1657 haec
449 1587 533 1678 quid
547 1607 625 1659 oum
642 1589 786 1679 parodia
801 1589 913 1660 simile
923 1591 1086 1677 habeant,
1102 1600 1163 1664 aut
1174 1615 1237 1666 our
1250 1617 1293 1668 es

216 1701 444 1794 Epicharmo,
483 1706 659 1776 Rhintone
688 1713 722 1776 et
747 1706 987 1802 daporpapopioio
1010 1711 1194 1800 desumpta
1216 1734 1292 1784 esse
1368 1769 1375 1776 .

216 1821 379 1891 dicantur
396 1842 451 1892 me
467 1840 539 1892 non
556 1822 816 1911 deprehendere
833 1822 955 1894 fateor.
1162 1913 1164 1917 ,

265 1939 386 2026 Itaque
401 1936 767 2026 necAmpbo'tooonem,
790 1958 854 2008 nee
872 1943 1004 2008 ceteras
1019 1939 1132 2009 Plauti
1142 1939 1289 2028 fabulas,
1327 1929 1332 1934 ’

216 2064 295 2141 quae
314 2029 479 2143 majorem
497 2053 658 2141 peritiam
677 2054 972 2144 maturioremque
992 2061 1129 2126 aetatem
1154 2058 1293 2130 denun-

216 2167 316 2251 tiant,
334 2189 377 2238 ex
391 2169 567 2239 veteribus
582 2169 805 2240 Doriensium
819 2172 1021 2242 auctoribus
1043 2170 1152 2244 fuisso
1176 2180 1292 2246 trans·

215 2283 301 2354 intas
329 2285 546 2359 crediderim.
572 2287 839 2374 Nonsequitur
862 2294 978 2357 tamen
1005 2295 1143 2377 poetam
1168 2291 1211 2358 ab
1241 2292 1291 2360 eis

215 2399 394 2470 imitandis
420 2402 564 2470 omnino
593 2402 817 2485 abstinuisse,
843 2423 907 2472 noe
933 2404 1091 2491 potuisse
1116 2403 1291 2477 sabuloso

215 2535 304 2586 nova
332 2517 503 2587 oomoedia
534 2517 737 2605 desumptas
772 2519 982 2606 quibusdam
1010 2519 1101 2610 jocis
1129 2521 1172 2590 ab
1208 2521 1291 2610 Epi-

216 2630 357 2699 charmo
393 2631 565 2720 decerptis
598 2647 724 2703 serere.¹
763 2634 985 2722 Locupletem
1022 2639 1146 2704 testem
1183 2634 1290 2726 hobus

214 2747 450 2834 Epicharmeae
475 2747 681 2837 imitationis
698 2749 869 2820 habemus
891 2749 1172 2820 laudatissimum
1193 2750 1295 2823 hunc-

192 2858 194 2862 ’
213 2862 345 2931 Horatii
358 2881 523 2933 versum:

300 3062 420 3227 lgauttm)
428 3063 464 3122 ad
478 3051 635 3140 exemplum
649 3055 733 3122 Siculi
743 3077 896 3140 properare
908 3053 1068 3139 Epicharmi

300 3155 310 3226 (
330 3151 365 3212 m
380 3151 412 3210 ur
434 3157 455 3212 ¹.
698 3165 703 3171 ·
949 3157 953 3162 ·

108 3346 111 3352 ¹
211 3364 277 3435 Sed
294 3379 363 3453 quo
380 3378 486 3434 sensu
506 3361 666 3435 Plautum
680 3367 863 3454 properare
877 3363 1003 3435 dixerit
1017 3358 1193 3451 Horatius·
1212 3378 1289 3439 cer-

211 3479 287 3551 tant
306 3478 428 3563 critici,
451 3500 515 3551 nec
534 3480 618 3551 satis
640 3480 760 3569 liquet.
785 3481 861 3550 Nori
882 3480 932 3551 'eis
950 3483 1123 3552 assentire
1141 3491 1286 3572 possum

211 3599 270 3688 qui
291 3598 372 3669 inde
393 3595 546 3668 incusari
565 3593 725 3670 Plautum
741 3597 888 3669 eredunt
903 3599 994 3687 qnod
1013 3599 1191 3690 scripserit
1204 3604 1288 3690 pro-

209 3716 391 3806 perantius
415 3715 640 3804 laboremque
665 3715 757 3785 limae
783 3721 817 3786 et
843 3725 975 3785 moram
1009 3713 1186 3808 effugerim
1216 3728 1286 3806 qua

209 3831 350 3922 quidem
364 3830 632 3922 exprobratione
644 3825 826 3903 noseorum
839 3838 972 3903 eeteros
986 3838 1116 3922 poetas,
1128 3834 1187 3923 cui
1203 3830 1299 3906 litu?

209 3960 281 4019 ram
306 3954 445 4038 turpem
469 3942 690 4041 reputabant,
712 3946 996 4038 frequentissime
1016 3948 1197 4024 recreasse
1212 3955 1284 4022 itttu

244 4200 251 4231 ¹
270 4183 400 4266 r'mpnn„
414 4192 445 4264 t,
457 4203 482 4264 a,
493 4192 537 4255 st.
552 4196 609 4241 -2
626 4188 703 4266 nor,
721 4198 819 4268 optet,
831 4201 864 4266 n,
881 4203 904 4267 t,
918 4193 963 4257 ss.
1099 4267 1104 4275 ,
