3000 5220
612 409 840 485 ’-ἱι9-

208 607 277 676 que
290 587 475 671 Romanos,
488 587 548 656 sed
567 585 715 677 Augusti
730 585 833 656 etiam
850 585 1042 674 coaequales
1057 584 1280 665 delectavere,

209 704 293 773 adeo
311 703 354 772 ad
375 705 530 772 Romana
547 702 686 793 ingenia
705 683 1080 772 accommodabuntur!
1098 699 1281 770 Horatium

210 820 303 889 enim
317 820 541 888 Maecenatem
556 817 819 907 virginumque,
837 817 975 906 quibusv
986 816 1173 906 lepidiores
1190 834 1284 895 *nun-

210 954 314 1023 quam
333 934 496 1006 exstitere
511 934 676 1016 convivae,
697 933 733 1002 in
747 932 882 1003 Cocceii
895 933 975 1002 villa
993 951 1138 1022 prorsus
1152 932 1285 1023 iucun-

211 1051 290 1120 dam
306 1072 442 1121 coenam
457 1051 643 1122 deduxisse
658 1050 801 1134 scimus,
818 1051 902 1122 dum
915 1051 1122 1121 altercantes
1136 1048 1286 1119 audiunt

210 1185 361 1250 scurras,
380 1187 530 1256 quorum
552 1167 623 1258 Jcci
650 1187 695 1238 ne
714 1168 758 1237 ad
778 1167 868 1236 sales
886 1165 1027 1255 quidem
1042 1165 1284 1236 Plautinorum

209 1283 443 1370 parasitorum
461 1279 677 1366 accedunt¹;
706 1300 858 1371 namque
884 1281 1050 1371 Ergasilc‚
1075 1279 1105 1349 si
1130 1280 1173 1349 ad
1195 1278 1286 1353 banc

146 1378 151 1386 ⁵
209 1397 431 1484 parasiticam
462 1416 617 1489 pugnam
649 1394 774 1467 fuisset
803 1395 1002 1479 adhibitus,
1042 1402 1082 1465 ut
1116 1391 1286 1464 Sarmenti

210 1513 383 1602 Messique
403 1514 513 1584 victor
533 1513 710 1597 euaderet,
736 1512 811 1582 haec
835 1512 982 1584 ridicule
1006 1512 1097 1582 dicta
1124 1512 1167 1581 de
1187 1509 1289 1580 dictis

211 1629 424 1712 melioribus
463 1628 465 1630 ’
781 1628 790 1636 “

281 1824 386 1896 Quibus
398 1826 504 1887 solebat
518 1827 704 1886 menstruales
716 1823 814 1901 epulas
826 1829 891 1884 ante
906 1823 1055 1900 adipiscier
1065 1826 1086 1890 ⁸,

211 2038 413 2108 expromere
433 2039 505 2088 non
526 2039 615 2108 opus
633 2025 737 2089 esset.

260 2137 436 2224 Lenonem
453 2134 613 2224 Diphilus
631 2134 668 2204 in
687 2134 838 2224 quadam
859 2132 978 2204 fabula
997 2132 1049 2202 sic
1068 2133 1111 2202 de
1133 2133 1293 2204 meretri-

212 2249 311 2319 cibus
327 2255 530 2338 querentem
543 2249 730 2321 induxerat
749 2272 757 2318 ε

372 2457 427 2512 Οὐκ
439 2460 510 2512 ἔστιν
525 2454 601 2512 οὐδὲν
616 2463 719 2532 τέχυιου
735 2459 904 2532 ἐξωλέστερον

375 2561 428 2608 Τοῦ
444 2554 636 2631 πομυοὸοοκῶυ.

372 2654 448 2706 Κατοὶ
463 2658 508 2713 τὴν
525 2650 585 2708 ὁδὸν
598 2656 690 2709 πωλεῖν
705 2661 854 2728 περιπατῶ)
869 2653 997 2728 Βούλομαι

372 2741 454 2824 ῥόδα,
467 2751 626 2828 ῥαφανῖδας,
639 2755 847 2828 θερμοκυάμους,
861 2752 1008 2827 στέμφυλα,

375 2833 477 2922 u'ilec,
494 2848 598 2905 ἅπαντα
613 2852 711 2924 μᾶλλον
725 2851 739 2910 ἣ
754 2852 855 2912 ταύτας
868 2853 968 2924 epipam
982 2841 1003 2906 ³.
1060 2902 1062 2905 .

263 3052 343 3118 llaec
369 3048 482 3137 lepida
511 3068 596 3119 sane
622 3056 657 3118 et
683 3049 815 3119 comica
841 3049 1084 3142 Plautinorum
1108 3049 1288 3130 lenonum,

214 3167 306 3256 Lyci,
324 3164 475 3248 Barduli,
493 3165 758 3255 praesertimque
781 3166 947 3236 Ballionis
965 3166 1082 3257 jurgia
1102 3165 1139 3236 in
1157 3186 1290 3236 memo-

213 3282 300 3350 riam
325 3283 427 3352 ncbis
453 3289 631 3365 revocant,
661 3303 774 3371 neque
801 3290 917 3354 tamen
945 3283 1102 3382 eamdem
1129 3283 1199 3353 rim
1224 3301 1289 3352 nec

213 3413 332 3482 parem
360 3394 493 3464 habent
516 3395 759 3484 petulantiam.
779 3396 889 3489 Multo
907 3397 1000 3466 enim
1019 3396 1135 3465 acrius
1152 3395 1289 3466 animc-
1333 3471 1339 3479 ,

214 3511 357 3601 siusque
380 3511 488 3582 Ballio
515 3518 576 3584 aut
606 3533 724 3583 servos
756 3513 930 3603 increpat,
959 3519 1020 3584 aut
1047 3511 1290 3582 meretricibus

215 3625 288 3697 suis
322 3627 540 3698 atrocissima
573 3648 721 3718 quaeque
753 3630 932 3711 minatur;
967 3629 1066 3711 dein,
1102 3633 1288 3718 postquam

214 3742 364 3813 amantis
379 3765 501 3835 preces
519 3744 555 3814 in
572 3745 764 3817 ludibrium
785 3745 900 3830 vertit,
924 3745 1003 3815 irati
1024 3743 1180 3814 convicia
1199 3743 1289 3815 servi

214 3877 285 3929 non
304 3859 437 3949 patitur
451 3862 576 3944 solum,
594 3863 655 3933 sed
669 3863 736 3932 sibi
752 3869 918 3953 tanquam
936 3863 1057 3933 laudes
1073 3861 1228 3931 vindicat
1245 3882 1252 3929 :

250 4106 346 4189 ¹llcr.‚
369 4103 432 4160 Sat.
452 4110 521 4172 l,45‚
544 4109 587 4162 70.
604 4107 662 4147 -²
675 4105 768 4175 δορα,
786 4110 832 4174 lli,
855 4112 881 4173 l,
905 4110 949 4164 25.
962 4107 1099 4164 -chet
1121 4121 1185 4160 com.
1209 4119 1287 4170 praec

213 4196 297 4260 fiad„
310 4196 398 4259 uidet,
410 4199 472 4250 647.
1278 4203 1283 4208 ’

1130 4284 1149 4343 l
