<?xml version="1.0" encoding="UTF-8"?>
<!DOCTYPE html PUBLIC "-//W3C//DTD XHTML 1.0 Transitional//EN"
    "http://www.w3.org/TR/xhtml1/DTD/xhtml1-transitional.dtd">
<html xmlns="http://www.w3.org/1999/xhtml" xml:lang="en" lang="en">
 <head>
  <title>
</title>
<meta http-equiv="Content-Type" content="text/html;charset=utf-8" />
  <meta name='ocr-system' content='tesseract 3.04.00' />
  <meta name='ocr-capabilities' content='ocr_page ocr_carea ocr_par ocr_line ocrx_word'/>
</head>
<body>
  <div class='ocr_page' id='page_1' title='image "./quomodograecosp00boisgoog_0044.png"; bbox 0 0 3000 5220; ppageno 0'>
   <div class='ocr_carea' id='block_1_1' title="bbox 656 446 853 520">
    <p class='ocr_par' dir='ltr' id='par_1_1' title="bbox 656 446 853 520">
     <span class='ocr_line' id='line_1_1' title="bbox 656 446 853 520; baseline 0.005 -20"><span class='ocrx_word' id='word_1_1' title='bbox 656 446 853 520; x_wconf 82' lang='lat'><strong>-33..</strong></span> 
     </span>
    </p>
   </div>
   <div class='ocr_carea' id='block_1_2' title="bbox 211 618 1290 1179">
    <p class='ocr_par' dir='ltr' id='par_1_2' title="bbox 211 618 1290 1179">
     <span class='ocr_line' id='line_1_2' title="bbox 215 618 1290 717; baseline 0.006 -23"><span class='ocrx_word' id='word_1_2' title='bbox 215 622 291 707; x_wconf 85' lang='lat' dir='ltr'><strong>tias,</strong></span> <span class='ocrx_word' id='word_1_3' title='bbox 301 628 339 694; x_wconf 80' lang='lat' dir='ltr'><strong>ot</strong></span> <span class='ocrx_word' id='word_1_4' title='bbox 355 621 395 691; x_wconf 90' lang='lat' dir='ltr'><strong>iu</strong></span> <span class='ocrx_word' id='word_1_5' title='bbox 411 618 595 708; x_wconf 69' lang='lat' dir='ltr'><strong>colloquiis</strong></span> <span class='ocrx_word' id='word_1_6' title='bbox 605 618 800 710; x_wconf 77' lang='lat' dir='ltr'><strong>jurgiisque</strong></span> <span class='ocrx_word' id='word_1_7' title='bbox 808 620 1040 711; x_wconf 66' lang='lat' dir='ltr'><strong>morositatem,</strong></span> <span class='ocrx_word' id='word_1_8' title='bbox 1051 634 1098 708; x_wconf 88' lang='lat' dir='ltr'><strong>et,</strong></span> <span class='ocrx_word' id='word_1_9' title='bbox 1117 634 1156 697; x_wconf 90' lang='lat' dir='ltr'><strong>ut</strong></span> <span class='ocrx_word' id='word_1_10' title='bbox 1169 627 1290 717; x_wconf 87' lang='lat' dir='ltr'><strong>loque-</strong></span> 
     </span>
     <span class='ocr_line' id='line_1_3' title="bbox 214 734 1287 834; baseline 0.005 -24"><span class='ocrx_word' id='word_1_11' title='bbox 214 740 320 811; x_wconf 85' lang='lat' dir='ltr'><strong>batur</strong></span> <span class='ocrx_word' id='word_1_12' title='bbox 337 737 476 821; x_wconf 84' lang='lat' dir='ltr'><strong>Cicero,</strong></span> <span class='ocrx_word' id='word_1_13' title='bbox 504 734 623 806; x_wconf 85' lang='lat' dir='ltr'><strong>iutiuae</strong></span> <span class='ocrx_word' id='word_1_14' title='bbox 648 736 857 807; x_wconf 81' lang='lat' dir='ltr'>urbanitatis</span> <span class='ocrx_word' id='word_1_15' title='bbox 883 758 954 809; x_wconf 94' lang='lat' dir='ltr'><strong>nou</strong></span> <span class='ocrx_word' id='word_1_16' title='bbox 984 739 1139 812; x_wconf 91' lang='lat' dir='ltr'><strong>insulsus</strong></span> <span class='ocrx_word' id='word_1_17' title='bbox 1163 743 1287 834; x_wconf 83' lang='lat' dir='ltr'><strong>judex,</strong></span> 
     </span>
     <span class='ocr_line' id='line_1_4' title="bbox 213 850 1287 947; baseline 0.005 -22"><span class='ocrx_word' id='word_1_18' title='bbox 213 853 369 925; x_wconf 74' lang='lat' dir='ltr'><strong>mitiores</strong></span> <span class='ocrx_word' id='word_1_19' title='bbox 391 872 497 944; x_wconf 80' lang='lat' dir='ltr'><strong>quom</strong></span> <span class='ocrx_word' id='word_1_20' title='bbox 521 850 579 920; x_wconf 73' lang='lat' dir='ltr'><strong>ini</strong></span> <span class='ocrx_word' id='word_1_21' title='bbox 605 851 790 920; x_wconf 82' lang='lat' dir='ltr'><strong>Atticorum</strong></span> <span class='ocrx_word' id='word_1_22' title='bbox 817 862 849 922; x_wconf 89' lang='lat' dir='ltr'><strong>et</strong></span> <span class='ocrx_word' id='word_1_23' title='bbox 877 875 951 923; x_wconf 83' lang='lat' dir='ltr'><strong>vere</strong></span> <span class='ocrx_word' id='word_1_24' title='bbox 977 856 1143 926; x_wconf 83' lang='lat' dir='ltr'><strong>Romanos</strong></span> <span class='ocrx_word' id='word_1_25' title='bbox 1165 859 1287 947; x_wconf 49' lang='lat' dir='ltr'><strong>scien,</strong></span> 
     </span>
     <span class='ocr_line' id='line_1_5' title="bbox 213 968 1288 1050; baseline 0.008 -8"><span class='ocrx_word' id='word_1_26' title='bbox 213 969 394 1042; x_wconf 70' lang='lat' dir='ltr'><strong>detrahere</strong></span> <span class='ocrx_word' id='word_1_27' title='bbox 420 969 542 1041; x_wconf 85' lang='lat' dir='ltr'><strong>Plauto</strong></span> <span class='ocrx_word' id='word_1_28' title='bbox 563 968 697 1039; x_wconf 81' lang='lat' dir='ltr'><strong>Graecia</strong></span> <span class='ocrx_word' id='word_1_29' title='bbox 720 976 756 1040; x_wconf 87' lang='lat' dir='ltr'><strong>et</strong></span> <span class='ocrx_word' id='word_1_30' title='bbox 781 968 848 1040; x_wconf 90' lang='lat' dir='ltr'><strong>sibi</strong></span> <span class='ocrx_word' id='word_1_31' title='bbox 867 970 1045 1044; x_wconf 85' lang='lat' dir='ltr'><strong>vindicare</strong></span> <span class='ocrx_word' id='word_1_32' title='bbox 1068 975 1164 1045; x_wconf 91' lang='lat' dir='ltr'><strong>nulio</strong></span> <span class='ocrx_word' id='word_1_33' title='bbox 1184 979 1288 1050; x_wconf 89' lang='lat' dir='ltr'><strong>modo</strong></span> 
     </span>
     <span class='ocr_line' id='line_1_6' title="bbox 211 1093 337 1179; baseline -0.032 -20"><span class='ocrx_word' id='word_1_34' title='bbox 211 1093 337 1179; x_wconf 81' lang='lat' dir='ltr'><strong>potest.</strong></span> 
     </span>
    </p>
   </div>
   <div class='ocr_carea' id='block_1_3' title="bbox 727 1559 784 1627">
    <p class='ocr_par' dir='ltr' id='par_1_3' title="bbox 727 1559 784 1627">
     <span class='ocr_line' id='line_1_7' title="bbox 727 1559 784 1627; baseline 0 0"><span class='ocrx_word' id='word_1_35' title='bbox 727 1559 784 1627; x_wconf 91' lang='lat' dir='ltr'><strong>lll.</strong></span> 
     </span>
    </p>
   </div>
   <div class='ocr_carea' id='block_1_4' title="bbox 260 1883 1286 2017">
    <p class='ocr_par' dir='ltr' id='par_1_4' title="bbox 260 1883 1286 2017">
     <span class='ocr_line' id='line_1_8' title="bbox 260 1883 1286 2017; baseline 0.001 -17"><span class='ocrx_word' id='word_1_36' title='bbox 260 1930 338 2000; x_wconf 79' lang='lat' dir='ltr'><strong>iion</strong></span> <span class='ocrx_word' id='word_1_37' title='bbox 355 1926 516 1998; x_wconf 83' lang='lat' dir='ltr'><strong>sciebant</strong></span> <span class='ocrx_word' id='word_1_38' title='bbox 528 1883 662 1997; x_wconf 83' lang='lat' dir='ltr'><strong>veteres</strong></span> <span class='ocrx_word' id='word_1_39' title='bbox 684 1927 934 2017; x_wconf 81' lang='lat' dir='ltr'><strong>tragoediarum</strong></span> <span class='ocrx_word' id='word_1_40' title='bbox 955 1934 1015 1998; x_wconf 85' lang='lat' dir='ltr'><strong>aut</strong></span> <span class='ocrx_word' id='word_1_41' title='bbox 1037 1929 1286 2002; x_wconf 83' lang='lat' dir='ltr'><strong>comoediarum</strong></span> 
     </span>
    </p>
   </div>
   <div class='ocr_carea' id='block_1_5' title="bbox 208 2040 1289 4107">
    <p class='ocr_par' dir='ltr' id='par_1_5' title="bbox 208 2040 1289 3990">
     <span class='ocr_line' id='line_1_9' title="bbox 213 2040 1287 2135; baseline 0.002 -20"><span class='ocrx_word' id='word_1_42' title='bbox 213 2051 438 2117; x_wconf 84' lang='lat' dir='ltr'><strong>auctoreseos</strong></span> <span class='ocrx_word' id='word_1_43' title='bbox 448 2042 644 2113; x_wconf 88' lang='lat' dir='ltr'><strong>describere</strong></span> <span class='ocrx_word' id='word_1_44' title='bbox 655 2040 1115 2126; x_wconf 83' lang='lat' dir='ltr'><strong>affectus,eavitiainsectari</strong></span> <span class='ocrx_word' id='word_1_45' title='bbox 1126 2066 1287 2135; x_wconf 79' lang='lat' dir='ltr'><strong>qunraro</strong></span> 
     </span>
     <span class='ocr_line' id='line_1_10' title="bbox 211 2158 1286 2248; baseline 0.003 -17"><span class='ocrx_word' id='word_1_46' title='bbox 211 2162 452 2243; x_wconf 82' lang='lat' dir='ltr'><strong>obversantur,</strong></span> <span class='ocrx_word' id='word_1_47' title='bbox 462 2158 784 2248; x_wconf 88' lang='lat' dir='ltr'><strong>neonisiiupaucos</strong></span> <span class='ocrx_word' id='word_1_48' title='bbox 794 2159 955 2231; x_wconf 88' lang='lat' dir='ltr'><strong>homiues</strong></span> <span class='ocrx_word' id='word_1_49' title='bbox 966 2162 1286 2234; x_wconf 81' lang='lat' dir='ltr'><strong>caduntiiuoeninr</strong></span> 
     </span>
     <span class='ocr_line' id='line_1_11' title="bbox 210 2275 1286 2367; baseline 0 -20"><span class='ocrx_word' id='word_1_50' title='bbox 210 2276 325 2349; x_wconf 90' lang='lat' dir='ltr'><strong>solum</strong></span> <span class='ocrx_word' id='word_1_51' title='bbox 342 2284 396 2348; x_wconf 85' lang='lat' dir='ltr'><strong>ost</strong></span> <span class='ocrx_word' id='word_1_52' title='bbox 414 2275 688 2367; x_wconf 81' lang='lat' dir='ltr'><strong>confugiendum</strong></span> <span class='ocrx_word' id='word_1_53' title='bbox 712 2278 976 2348; x_wconf 84' lang='lat' dir='ltr'><strong>senescentibus</strong></span> <span class='ocrx_word' id='word_1_54' title='bbox 999 2278 1158 2365; x_wconf 88' lang='lat' dir='ltr'><strong>populis,</strong></span> <span class='ocrx_word' id='word_1_55' title='bbox 1178 2298 1286 2365; x_wconf 87' lang='lat' dir='ltr'><strong>quum</strong></span> 
     </span>
     <span class='ocr_line' id='line_1_12' title="bbox 210 2389 1289 2483; baseline -0.002 -20"><span class='ocrx_word' id='word_1_56' title='bbox 210 2392 281 2465; x_wconf 84' lang='lat' dir='ltr'><strong>iere</strong></span> <span class='ocrx_word' id='word_1_57' title='bbox 294 2391 435 2465; x_wconf 80' lang='lat' dir='ltr'><strong>evanuit</strong></span> <span class='ocrx_word' id='word_1_58' title='bbox 449 2389 574 2483; x_wconf 81' lang='lat' dir='ltr'><strong>florida</strong></span> <span class='ocrx_word' id='word_1_59' title='bbox 588 2391 724 2458; x_wconf 84' lang='lat' dir='ltr'><strong>novitas</strong></span> <span class='ocrx_word' id='word_1_60' title='bbox 735 2392 941 2473; x_wconf 87' lang='lat' dir='ltr'><strong>litterarum,</strong></span> <span class='ocrx_word' id='word_1_61' title='bbox 960 2410 1074 2478; x_wconf 88' lang='lat' dir='ltr'><strong>neque</strong></span> <span class='ocrx_word' id='word_1_62' title='bbox 1085 2391 1193 2478; x_wconf 86' lang='lat' dir='ltr'><strong>plebs,</strong></span> <span class='ocrx_word' id='word_1_63' title='bbox 1210 2410 1289 2481; x_wconf 76' lang='lat' dir='ltr'><strong>quur</strong></span> 
     </span>
     <span class='ocr_line' id='line_1_13' title="bbox 210 2506 1286 2604; baseline 0 -24"><span class='ocrx_word' id='word_1_64' title='bbox 210 2508 316 2581; x_wconf 87' lang='lat' dir='ltr'><strong>nimis</strong></span> <span class='ocrx_word' id='word_1_65' title='bbox 329 2516 383 2580; x_wconf 85' lang='lat' dir='ltr'><strong>est</strong></span> <span class='ocrx_word' id='word_1_66' title='bbox 397 2508 434 2578; x_wconf 94' lang='lat' dir='ltr'><strong>in</strong></span> <span class='ocrx_word' id='word_1_67' title='bbox 448 2508 596 2604; x_wconf 85' lang='lat' dir='ltr'><strong>scenicis</strong></span> <span class='ocrx_word' id='word_1_68' title='bbox 610 2507 701 2580; x_wconf 88' lang='lat' dir='ltr'><strong>ludis</strong></span> <span class='ocrx_word' id='word_1_69' title='bbox 715 2506 903 2591; x_wconf 79' lang='lat' dir='ltr'><strong>fastidiosa,</strong></span> <span class='ocrx_word' id='word_1_70' title='bbox 914 2506 1060 2578; x_wconf 77' lang='lat' dir='ltr'><strong>detineri</strong></span> <span class='ocrx_word' id='word_1_71' title='bbox 1080 2516 1204 2599; x_wconf 87' lang='lat' dir='ltr'><strong>potest,</strong></span> <span class='ocrx_word' id='word_1_72' title='bbox 1220 2509 1286 2580; x_wconf 90' lang='lat' dir='ltr'><strong>nisi</strong></span> 
     </span>
     <span class='ocr_line' id='line_1_14' title="bbox 208 2624 1286 2715; baseline 0 -16"><span class='ocrx_word' id='word_1_73' title='bbox 208 2646 300 2699; x_wconf 81' lang='lat' dir='ltr'><strong>nore</strong></span> <span class='ocrx_word' id='word_1_74' title='bbox 316 2633 350 2697; x_wconf 87' lang='lat' dir='ltr'><strong>et</strong></span> <span class='ocrx_word' id='word_1_75' title='bbox 365 2624 523 2697; x_wconf 88' lang='lat' dir='ltr'><strong>inaudita</strong></span> <span class='ocrx_word' id='word_1_76' title='bbox 539 2625 671 2694; x_wconf 87' lang='lat' dir='ltr'><strong>satiatis</strong></span> <span class='ocrx_word' id='word_1_77' title='bbox 689 2633 922 2715; x_wconf 84' lang='lat' dir='ltr'><strong>apponantur.</strong></span> <span class='ocrx_word' id='word_1_78' title='bbox 939 2624 1005 2695; x_wconf 87' lang='lat' dir='ltr'><strong>Sed</strong></span> <span class='ocrx_word' id='word_1_79' title='bbox 1026 2625 1060 2695; x_wconf 94' lang='lat' dir='ltr'><strong>in</strong></span> <span class='ocrx_word' id='word_1_80' title='bbox 1080 2625 1144 2695; x_wconf 80' lang='lat' dir='ltr'><strong>hac</strong></span> <span class='ocrx_word' id='word_1_81' title='bbox 1159 2627 1223 2697; x_wconf 89' lang='lat' dir='ltr'><strong>arti</strong></span> <span class='ocrx_word' id='word_1_82' title='bbox 1230 2647 1286 2699; x_wconf 88' lang='lat' dir='ltr'><strong>urn</strong></span> 
     </span>
     <span class='ocr_line' id='line_1_15' title="bbox 208 2740 1285 2833; baseline 0.001 -20"><span class='ocrx_word' id='word_1_83' title='bbox 208 2742 309 2832; x_wconf 83' lang='lat' dir='ltr'><strong>quusi</strong></span> <span class='ocrx_word' id='word_1_84' title='bbox 338 2741 509 2832; x_wconf 87' lang='lat' dir='ltr'><strong>pueritia,</strong></span> <span class='ocrx_word' id='word_1_85' title='bbox 537 2761 646 2829; x_wconf 91' lang='lat' dir='ltr'><strong>quum</strong></span> <span class='ocrx_word' id='word_1_86' title='bbox 675 2740 791 2810; x_wconf 90' lang='lat' dir='ltr'><strong>omnia</strong></span> <span class='ocrx_word' id='word_1_87' title='bbox 815 2741 933 2833; x_wconf 74' lang='lat' dir='ltr'><strong>ignota</strong></span> <span class='ocrx_word' id='word_1_88' title='bbox 956 2742 1155 2830; x_wconf 87' lang='lat' dir='ltr'><strong>intactaque</strong></span> <span class='ocrx_word' id='word_1_89' title='bbox 1187 2749 1285 2826; x_wconf 84' lang='lat' dir='ltr'><strong>sunt,</strong></span> 
     </span>
     <span class='ocr_line' id='line_1_16' title="bbox 208 2858 1288 2950; baseline 0 -19"><span class='ocrx_word' id='word_1_90' title='bbox 208 2865 407 2950; x_wconf 69' lang='lat' dir='ltr'><strong>querentes</strong></span> <span class='ocrx_word' id='word_1_91' title='bbox 418 2866 530 2949; x_wconf 86' lang='lat' dir='ltr'><strong>poetae</strong></span> <span class='ocrx_word' id='word_1_92' title='bbox 541 2860 633 2930; x_wconf 90' lang='lat' dir='ltr'><strong>unde</strong></span> <span class='ocrx_word' id='word_1_93' title='bbox 649 2858 829 2929; x_wconf 87' lang='lat' dir='ltr'><strong>materiam</strong></span> <span class='ocrx_word' id='word_1_94' title='bbox 845 2860 1041 2930; x_wconf 83' lang='lat' dir='ltr'><strong>dramatum</strong></span> <span class='ocrx_word' id='word_1_95' title='bbox 1058 2879 1201 2930; x_wconf 92' lang='lat' dir='ltr'><strong>suorum</strong></span> <span class='ocrx_word' id='word_1_96' title='bbox 1217 2871 1288 2931; x_wconf 90' lang='lat' dir='ltr'><strong>tre-</strong></span> 
     </span>
     <span class='ocr_line' id='line_1_17' title="bbox 208 2975 1288 3066; baseline -0.004 -19"><span class='ocrx_word' id='word_1_97' title='bbox 208 2975 297 3047; x_wconf 84' lang='lat' dir='ltr'><strong>haut</strong></span> <span class='ocrx_word' id='word_1_98' title='bbox 327 2995 366 3046; x_wconf 87' lang='lat' dir='ltr'><strong>ea</strong></span> <span class='ocrx_word' id='word_1_99' title='bbox 387 2976 609 3066; x_wconf 89' lang='lat' dir='ltr'><strong>potissimum</strong></span> <span class='ocrx_word' id='word_1_100' title='bbox 632 2975 765 3064; x_wconf 80' lang='lat' dir='ltr'><strong>eligunt</strong></span> <span class='ocrx_word' id='word_1_101' title='bbox 786 2995 880 3062; x_wconf 73' lang='lat' dir='ltr'><strong>quar,</strong></span> <span class='ocrx_word' id='word_1_102' title='bbox 900 2994 1009 3061; x_wconf 87' lang='lat' dir='ltr'><strong>quum</strong></span> <span class='ocrx_word' id='word_1_103' title='bbox 1034 2975 1104 3042; x_wconf 87' lang='lat' dir='ltr'><strong>sint</strong></span> <span class='ocrx_word' id='word_1_104' title='bbox 1120 2976 1288 3061; x_wconf 78' lang='lat' dir='ltr'><strong>vulgatis·</strong></span> 
     </span>
     <span class='ocr_line' id='line_1_18' title="bbox 208 3085 1288 3182; baseline -0.006 -20"><span class='ocrx_word' id='word_1_105' title='bbox 208 3092 309 3175; x_wconf 88' lang='lat' dir='ltr'><strong>sima,</strong></span> <span class='ocrx_word' id='word_1_106' title='bbox 326 3091 695 3182; x_wconf 82' lang='lat' dir='ltr'><strong>circumspectantium</strong></span> <span class='ocrx_word' id='word_1_107' title='bbox 710 3089 829 3159; x_wconf 89' lang='lat' dir='ltr'><strong>oculos</strong></span> <span class='ocrx_word' id='word_1_108' title='bbox 845 3086 953 3175; x_wconf 77' lang='lat' dir='ltr'><strong>magis</strong></span> <span class='ocrx_word' id='word_1_109' title='bbox 969 3085 1166 3155; x_wconf 85' lang='lat' dir='ltr'><strong>sollicitant.</strong></span> <span class='ocrx_word' id='word_1_110' title='bbox 1180 3085 1288 3156; x_wconf 81' lang='lat' dir='ltr'><strong>diiec-</strong></span> 
     </span>
     <span class='ocr_line' id='line_1_19' title="bbox 209 3202 1286 3298; baseline -0.004 -21"><span class='ocrx_word' id='word_1_111' title='bbox 209 3213 267 3277; x_wconf 85' lang='lat' dir='ltr'><strong>tus</strong></span> <span class='ocrx_word' id='word_1_112' title='bbox 280 3204 387 3298; x_wconf 80' lang='lat' dir='ltr'><strong>igitur</strong></span> <span class='ocrx_word' id='word_1_113' title='bbox 398 3207 591 3296; x_wconf 82' lang='lat' dir='ltr'><strong>exprimere</strong></span> <span class='ocrx_word' id='word_1_114' title='bbox 609 3207 721 3276; x_wconf 85' lang='lat' dir='ltr'><strong>soient</strong></span> <span class='ocrx_word' id='word_1_115' title='bbox 738 3204 868 3295; x_wconf 90' lang='lat' dir='ltr'><strong>quibus</strong></span> <span class='ocrx_word' id='word_1_116' title='bbox 883 3202 1035 3273; x_wconf 88' lang='lat' dir='ltr'><strong>humana</strong></span> <span class='ocrx_word' id='word_1_117' title='bbox 1048 3222 1147 3273; x_wconf 88' lang='lat' dir='ltr'><strong>mens</strong></span> <span class='ocrx_word' id='word_1_118' title='bbox 1161 3209 1286 3273; x_wconf 86' lang='lat' dir='ltr'><strong>nutura</strong></span> 
     </span>
     <span class='ocr_line' id='line_1_20' title="bbox 208 3321 1283 3413; baseline -0.004 -18"><span class='ocrx_word' id='word_1_119' title='bbox 208 3322 342 3410; x_wconf 86' lang='lat' dir='ltr'><strong>ubique</strong></span> <span class='ocrx_word' id='word_1_120' title='bbox 357 3323 543 3413; x_wconf 87' lang='lat' dir='ltr'><strong>proclivior</strong></span> <span class='ocrx_word' id='word_1_121' title='bbox 556 3331 618 3407; x_wconf 89' lang='lat' dir='ltr'><strong>est,</strong></span> <span class='ocrx_word' id='word_1_122' title='bbox 632 3342 869 3413; x_wconf 84' lang='lat' dir='ltr'><strong>personasque</strong></span> <span class='ocrx_word' id='word_1_123' title='bbox 886 3321 1058 3393; x_wconf 83' lang='lat' dir='ltr'><strong>delineare</strong></span> <span class='ocrx_word' id='word_1_124' title='bbox 1074 3342 1152 3411; x_wconf 71' lang='lat' dir='ltr'><strong>quur</strong></span> <span class='ocrx_word' id='word_1_125' title='bbox 1170 3322 1283 3403; x_wconf 80' lang='lat' dir='ltr'><strong>nobis,</strong></span> 
     </span>
     <span class='ocr_line' id='line_1_21' title="bbox 209 3436 1286 3525; baseline -0.004 -16"><span class='ocrx_word' id='word_1_126' title='bbox 209 3438 294 3509; x_wconf 90' lang='lat' dir='ltr'><strong>dum</strong></span> <span class='ocrx_word' id='word_1_127' title='bbox 309 3438 346 3508; x_wconf 91' lang='lat' dir='ltr'><strong>iu</strong></span> <span class='ocrx_word' id='word_1_128' title='bbox 361 3446 455 3510; x_wconf 89' lang='lat' dir='ltr'><strong>coetu</strong></span> <span class='ocrx_word' id='word_1_129' title='bbox 474 3438 657 3509; x_wconf 86' lang='lat' dir='ltr'><strong>hominum</strong></span> <span class='ocrx_word' id='word_1_130' title='bbox 678 3445 711 3508; x_wconf 87' lang='lat' dir='ltr'><strong>et</strong></span> <span class='ocrx_word' id='word_1_131' title='bbox 729 3438 892 3507; x_wconf 87' lang='lat' dir='ltr'><strong>societate</strong></span> <span class='ocrx_word' id='word_1_132' title='bbox 907 3458 1102 3519; x_wconf 86' lang='lat' dir='ltr'><strong>versamur,</strong></span> <span class='ocrx_word' id='word_1_133' title='bbox 1122 3436 1286 3525; x_wconf 81' lang='lat' dir='ltr'><strong>trequen-</strong></span> 
     </span>
     <span class='ocr_line' id='line_1_22' title="bbox 209 3553 1284 3640; baseline -0.007 -16"><span class='ocrx_word' id='word_1_134' title='bbox 209 3553 281 3624; x_wconf 92' lang='lat' dir='ltr'><strong>tius</strong></span> <span class='ocrx_word' id='word_1_135' title='bbox 310 3562 511 3626; x_wconf 90' lang='lat' dir='ltr'><strong>occurrunt.</strong></span> <span class='ocrx_word' id='word_1_136' title='bbox 542 3557 593 3625; x_wconf 87' lang='lat' dir='ltr'><strong>ita</strong></span> <span class='ocrx_word' id='word_1_137' title='bbox 617 3553 746 3626; x_wconf 84' lang='lat' dir='ltr'><strong>facturn</strong></span> <span class='ocrx_word' id='word_1_138' title='bbox 778 3558 830 3624; x_wconf 88' lang='lat' dir='ltr'><strong>est</strong></span> <span class='ocrx_word' id='word_1_139' title='bbox 857 3561 897 3625; x_wconf 90' lang='lat' dir='ltr'><strong>ut</strong></span> <span class='ocrx_word' id='word_1_140' title='bbox 920 3560 1075 3623; x_wconf 86' lang='lat' dir='ltr'><strong>veterum</strong></span> <span class='ocrx_word' id='word_1_141' title='bbox 1102 3558 1284 3640; x_wconf 85' lang='lat' dir='ltr'><strong>poetarum</strong></span> 
     </span>
     <span class='ocr_line' id='line_1_23' title="bbox 210 3666 1286 3759; baseline -0.004 -20"><span class='ocrx_word' id='word_1_142' title='bbox 210 3688 315 3759; x_wconf 89' lang='lat' dir='ltr'><strong>opera</strong></span> <span class='ocrx_word' id='word_1_143' title='bbox 332 3670 450 3742; x_wconf 90' lang='lat' dir='ltr'><strong>miuus</strong></span> <span class='ocrx_word' id='word_1_144' title='bbox 467 3671 597 3742; x_wconf 84' lang='lat' dir='ltr'><strong>suerint</strong></span> <span class='ocrx_word' id='word_1_145' title='bbox 616 3671 721 3742; x_wconf 91' lang='lat' dir='ltr'><strong>unius</strong></span> <span class='ocrx_word' id='word_1_146' title='bbox 739 3670 805 3740; x_wconf 91' lang='lat' dir='ltr'><strong>loci</strong></span> <span class='ocrx_word' id='word_1_147' title='bbox 829 3676 863 3740; x_wconf 89' lang='lat' dir='ltr'><strong>et</strong></span> <span class='ocrx_word' id='word_1_148' title='bbox 882 3668 1047 3757; x_wconf 88' lang='lat' dir='ltr'><strong>temporis</strong></span> <span class='ocrx_word' id='word_1_149' title='bbox 1064 3666 1195 3737; x_wconf 83' lang='lat' dir='ltr'><strong>furibus</strong></span> <span class='ocrx_word' id='word_1_150' title='bbox 1215 3674 1286 3735; x_wconf 86' lang='lat' dir='ltr'><strong>tor-</strong></span> 
     </span>
     <span class='ocr_line' id='line_1_24' title="bbox 211 3785 1285 3878; baseline -0.001 -26"><span class='ocrx_word' id='word_1_151' title='bbox 211 3785 353 3869; x_wconf 85' lang='lat' dir='ltr'><strong>minata,</strong></span> <span class='ocrx_word' id='word_1_152' title='bbox 371 3794 416 3871; x_wconf 88' lang='lat' dir='ltr'><strong>et,</strong></span> <span class='ocrx_word' id='word_1_153' title='bbox 432 3789 590 3878; x_wconf 90' lang='lat' dir='ltr'><strong>quamvis</strong></span> <span class='ocrx_word' id='word_1_154' title='bbox 607 3786 728 3877; x_wconf 86' lang='lat' dir='ltr'><strong>patriae</strong></span> <span class='ocrx_word' id='word_1_155' title='bbox 743 3807 816 3858; x_wconf 87' lang='lat' dir='ltr'><strong>suae</strong></span> <span class='ocrx_word' id='word_1_156' title='bbox 836 3786 969 3876; x_wconf 88' lang='lat' dir='ltr'><strong>aptiora</strong></span> <span class='ocrx_word' id='word_1_157' title='bbox 986 3785 1179 3867; x_wconf 85' lang='lat' dir='ltr'><strong>videantur,</strong></span> <span class='ocrx_word' id='word_1_158' title='bbox 1200 3800 1285 3853; x_wconf 91' lang='lat' dir='ltr'><strong>nus·</strong></span> 
     </span>
     <span class='ocr_line' id='line_1_25' title="bbox 209 3901 1059 3990; baseline -0.002 -19"><span class='ocrx_word' id='word_1_159' title='bbox 209 3920 315 3990; x_wconf 89' lang='lat' dir='ltr'><strong>quarn</strong></span> <span class='ocrx_word' id='word_1_160' title='bbox 335 3908 453 3973; x_wconf 88' lang='lat' dir='ltr'><strong>tumen</strong></span> <span class='ocrx_word' id='word_1_161' title='bbox 471 3903 614 3973; x_wconf 93' lang='lat' dir='ltr'><strong>omnino</strong></span> <span class='ocrx_word' id='word_1_162' title='bbox 632 3904 773 3972; x_wconf 75' lang='lat' dir='ltr'><strong>externa</strong></span> <span class='ocrx_word' id='word_1_163' title='bbox 794 3909 828 3972; x_wconf 87' lang='lat' dir='ltr'><strong>et</strong></span> <span class='ocrx_word' id='word_1_164' title='bbox 848 3902 958 3972; x_wconf 89' lang='lat' dir='ltr'><strong>aliena</strong></span> <span class='ocrx_word' id='word_1_165' title='bbox 979 3901 1059 3971; x_wconf 88' lang='lat' dir='ltr'><strong>sint.</strong></span> 
     </span>
    </p>

    <p class='ocr_par' dir='ltr' id='par_1_6' title="bbox 258 4017 1283 4107">
     <span class='ocr_line' id='line_1_26' title="bbox 258 4017 1283 4107; baseline 0.001 -21"><span class='ocrx_word' id='word_1_166' title='bbox 258 4018 354 4088; x_wconf 87' lang='lat' dir='ltr'><strong>luter</strong></span> <span class='ocrx_word' id='word_1_167' title='bbox 372 4018 486 4091; x_wconf 84' lang='lat' dir='ltr'><strong>varias</strong></span> <span class='ocrx_word' id='word_1_168' title='bbox 509 4022 638 4092; x_wconf 86' lang='lat' dir='ltr'><strong>Graecae</strong></span> <span class='ocrx_word' id='word_1_169' title='bbox 657 4017 839 4089; x_wconf 85' lang='lat' dir='ltr'><strong>comoediae</strong></span> <span class='ocrx_word' id='word_1_170' title='bbox 856 4037 1035 4107; x_wconf 84' lang='lat' dir='ltr'><strong>personas,</strong></span> <span class='ocrx_word' id='word_1_171' title='bbox 1056 4036 1126 4089; x_wconf 85' lang='lat' dir='ltr'><strong>una</strong></span> <span class='ocrx_word' id='word_1_172' title='bbox 1146 4028 1283 4091; x_wconf 87' lang='lat' dir='ltr'><strong>tuntum</strong></span> 
     </span>
    </p>
   </div>
   <div class='ocr_carea' id='block_1_6' title="bbox 247 4250 1164 4399">
    <p class='ocr_par' dir='ltr' id='par_1_7' title="bbox 247 4250 1164 4399">
     <span class='ocr_line' id='line_1_27' title="bbox 247 4250 635 4321; baseline 0.015 -17"><span class='ocrx_word' id='word_1_173' title='bbox 247 4250 256 4288; x_wconf 91' lang='lat'><strong>¹</strong></span> <span class='ocrx_word' id='word_1_174' title='bbox 272 4253 343 4317; x_wconf 82' lang='lat' dir='ltr'><strong>cic,</strong></span> <span class='ocrx_word' id='word_1_175' title='bbox 357 4255 394 4307; x_wconf 86' lang='lat' dir='ltr'><strong>od</strong></span> <span class='ocrx_word' id='word_1_176' title='bbox 410 4257 521 4320; x_wconf 73' lang='lat' dir='ltr'><strong>Faverit,</strong></span> <span class='ocrx_word' id='word_1_177' title='bbox 537 4257 580 4321; x_wconf 82' lang='lat' dir='ltr'><strong>tx,</strong></span> <span class='ocrx_word' id='word_1_178' title='bbox 593 4257 635 4310; x_wconf 80' lang='lat' dir='ltr'><strong>ts.</strong></span> 
     </span>
     <span class='ocr_line' id='line_1_28' title="bbox 1143 4339 1164 4399; baseline 0 0"><span class='ocrx_word' id='word_1_179' title='bbox 1143 4339 1164 4399; x_wconf 82' lang='grc'>3</span> 
     </span>
    </p>
   </div>
   <div class='ocr_carea' id='block_1_7' title="bbox 0 0 1504 5220">
    <p class='ocr_par' dir='ltr' id='par_1_8' title="bbox 0 0 1504 5220">
     <span class='ocr_line' id='line_1_29' title="bbox 0 0 1504 5220; baseline 0 1"><span class='ocrx_word' id='word_1_180' title='bbox 0 0 1504 5220; x_wconf 95' lang='lat' dir='ltr'><strong> </strong></span> 
     </span>
    </p>
   </div>
  </div>
 </body>
</html>
