<?xml version="1.0" encoding="UTF-8"?>
<!DOCTYPE html PUBLIC "-//W3C//DTD XHTML 1.0 Transitional//EN"
    "http://www.w3.org/TR/xhtml1/DTD/xhtml1-transitional.dtd">
<html xmlns="http://www.w3.org/1999/xhtml" xml:lang="en" lang="en">
 <head>
  <title>
</title>
<meta http-equiv="Content-Type" content="text/html;charset=utf-8" />
  <meta name='ocr-system' content='tesseract 3.04.00' />
  <meta name='ocr-capabilities' content='ocr_page ocr_carea ocr_par ocr_line ocrx_word'/>
</head>
<body>
  <div class='ocr_page' id='page_1' title='image "./quomodograecosp00boisgoog_0027.png"; bbox 0 0 3000 5220; ppageno 0'>
   <div class='ocr_carea' id='block_1_1' title="bbox 657 387 853 458">
    <p class='ocr_par' dir='ltr' id='par_1_1' title="bbox 657 387 853 458">
     <span class='ocr_line' id='line_1_1' title="bbox 657 387 853 458; baseline 0 -20"><span class='ocrx_word' id='word_1_1' title='bbox 657 387 853 458; x_wconf 69' lang='grc'>...16-</span> 
     </span>
    </p>
   </div>
   <div class='ocr_carea' id='block_1_2' title="bbox 216 554 1291 761">
    <p class='ocr_par' dir='ltr' id='par_1_2' title="bbox 216 554 1291 761">
     <span class='ocr_line' id='line_1_2' title="bbox 217 554 1291 654; baseline 0.007 -25"><span class='ocrx_word' id='word_1_2' title='bbox 217 561 309 632; x_wconf 90' lang='lat' dir='ltr'><strong>sium</strong></span> <span class='ocrx_word' id='word_1_3' title='bbox 330 555 495 628; x_wconf 79' lang='lat' dir='ltr'><strong>meretrix</strong></span> <span class='ocrx_word' id='word_1_4' title='bbox 513 554 551 624; x_wconf 91' lang='lat' dir='ltr'><strong>in</strong></span> <span class='ocrx_word' id='word_1_5' title='bbox 569 555 769 626; x_wconf 74' lang='lat' dir='ltr'><strong>meretrices</strong></span> <span class='ocrx_word' id='word_1_6' title='bbox 789 555 929 646; x_wconf 89' lang='lat' dir='ltr'><strong>probris</strong></span> <span class='ocrx_word' id='word_1_7' title='bbox 948 557 1022 631; x_wconf 90' lang='lat' dir='ltr'><strong>suis</strong></span> <span class='ocrx_word' id='word_1_8' title='bbox 1040 560 1291 654; x_wconf 82' lang='lat' dir='ltr'><strong>intemperans,</strong></span> 
     </span>
     <span class='ocr_line' id='line_1_3' title="bbox 216 670 913 761; baseline -0.007 -15"><span class='ocrx_word' id='word_1_9' title='bbox 216 682 344 746; x_wconf 92' lang='lat' dir='ltr'><strong>utnon</strong></span> <span class='ocrx_word' id='word_1_10' title='bbox 366 670 540 741; x_wconf 87' lang='lat' dir='ltr'><strong>immerito</strong></span> <span class='ocrx_word' id='word_1_11' title='bbox 560 689 659 740; x_wconf 91' lang='lat' dir='ltr'><strong>soror</strong></span> <span class='ocrx_word' id='word_1_12' title='bbox 679 671 913 761; x_wconf 83' lang='lat' dir='ltr'><strong>respondeat:</strong></span> 
     </span>
    </p>
   </div>
   <div class='ocr_carea' id='block_1_3' title="bbox 219 869 1077 1040">
    <p class='ocr_par' dir='ltr' id='par_1_3' title="bbox 219 869 1077 1040">
     <span class='ocr_line' id='line_1_4' title="bbox 356 869 1077 951; baseline 0.006 -18"><span class='ocrx_word' id='word_1_13' title='bbox 356 878 457 946; x_wconf 86' lang='lat' dir='ltr'><strong>Parce,</strong></span> <span class='ocrx_word' id='word_1_14' title='bbox 472 871 589 943; x_wconf 82' lang='lat' dir='ltr'><strong>amah03</strong></span> <span class='ocrx_word' id='word_1_15' title='bbox 604 876 647 930; x_wconf 87' lang='lat' dir='ltr'><strong>sat</strong></span> <span class='ocrx_word' id='word_1_16' title='bbox 659 875 700 930; x_wconf 93' lang='lat' dir='ltr'><strong>est</strong></span> <span class='ocrx_word' id='word_1_17' title='bbox 713 869 784 930; x_wconf 84' lang='lat' dir='ltr'><strong>istuc</strong></span> <span class='ocrx_word' id='word_1_18' title='bbox 797 870 867 931; x_wconf 84' lang='lat' dir='ltr'><strong>elios</strong></span> <span class='ocrx_word' id='word_1_19' title='bbox 877 871 971 933; x_wconf 87' lang='lat' dir='ltr'><strong>dicere</strong></span> <span class='ocrx_word' id='word_1_20' title='bbox 985 876 1077 951; x_wconf 86' lang='lat' dir='ltr'><strong>nohis,</strong></span> 
     </span>
     <span class='ocr_line' id='line_1_5' title="bbox 219 962 956 1040; baseline -0.005 -12"><span class='ocrx_word' id='word_1_21' title='bbox 219 978 222 1003; x_wconf 76' lang='lat'>²</span> <span class='ocrx_word' id='word_1_22' title='bbox 322 971 362 1027; x_wconf 88' lang='lat' dir='ltr'><strong>Ne</strong></span> <span class='ocrx_word' id='word_1_23' title='bbox 372 969 587 1026; x_wconf 83' lang='lat' dir='ltr'><strong>nosmetnostra</strong></span> <span class='ocrx_word' id='word_1_24' title='bbox 598 963 683 1024; x_wconf 85' lang='lat' dir='ltr'><strong>etiam</strong></span> <span class='ocrx_word' id='word_1_25' title='bbox 696 962 764 1023; x_wconf 77' lang='lat' dir='ltr'><strong>ritis</strong></span> <span class='ocrx_word' id='word_1_26' title='bbox 778 963 926 1040; x_wconf 88' lang='lat' dir='ltr'><strong>loquamur</strong></span> <span class='ocrx_word' id='word_1_27' title='bbox 935 968 956 1024; x_wconf 88' lang='lat'><strong>¹.</strong></span> 
     </span>
    </p>
   </div>
   <div class='ocr_carea' id='block_1_4' title="bbox 212 1145 1377 2049">
    <p class='ocr_par' dir='ltr' id='par_1_4' title="bbox 212 1145 1377 2049">
     <span class='ocr_line' id='line_1_6' title="bbox 215 1145 1294 1242; baseline 0 -20"><span class='ocrx_word' id='word_1_28' title='bbox 215 1151 312 1241; x_wconf 86' lang='lat' dir='ltr'><strong>Saepe</strong></span> <span class='ocrx_word' id='word_1_29' title='bbox 328 1149 431 1221; x_wconf 91' lang='lat' dir='ltr'><strong>etiam</strong></span> <span class='ocrx_word' id='word_1_30' title='bbox 448 1148 601 1230; x_wconf 89' lang='lat' dir='ltr'><strong>Plautus,</strong></span> <span class='ocrx_word' id='word_1_31' title='bbox 624 1149 666 1218; x_wconf 87' lang='lat' dir='ltr'><strong>ad</strong></span> <span class='ocrx_word' id='word_1_32' title='bbox 684 1149 881 1237; x_wconf 87' lang='lat' dir='ltr'><strong>exemplum</strong></span> <span class='ocrx_word' id='word_1_33' title='bbox 903 1145 1169 1240; x_wconf 79' lang='lat' dir='ltr'><strong>Aristophanis,</strong></span> <span class='ocrx_word' id='word_1_34' title='bbox 1193 1172 1294 1242; x_wconf 92' lang='lat' dir='ltr'><strong>spec·</strong></span> 
     </span>
     <span class='ocr_line' id='line_1_7' title="bbox 214 1262 1293 1360; baseline 0.004 -23"><span class='ocrx_word' id='word_1_35' title='bbox 214 1273 344 1338; x_wconf 85' lang='lat' dir='ltr'><strong>tatcres</strong></span> <span class='ocrx_word' id='word_1_36' title='bbox 358 1264 414 1334; x_wconf 91' lang='lat' dir='ltr'><strong>his</strong></span> <span class='ocrx_word' id='word_1_37' title='bbox 429 1262 555 1335; x_wconf 79' lang='lat' dir='ltr'><strong>fabulae</strong></span> <span class='ocrx_word' id='word_1_38' title='bbox 571 1263 664 1332; x_wconf 90' lang='lat' dir='ltr'><strong>ludis</strong></span> <span class='ocrx_word' id='word_1_39' title='bbox 679 1264 833 1334; x_wconf 88' lang='lat' dir='ltr'><strong>intentos</strong></span> <span class='ocrx_word' id='word_1_40' title='bbox 848 1269 979 1360; x_wconf 86' lang='lat' dir='ltr'><strong>etvera</strong></span> <span class='ocrx_word' id='word_1_41' title='bbox 997 1286 1098 1356; x_wconf 86' lang='lat' dir='ltr'><strong>paene</strong></span> <span class='ocrx_word' id='word_1_42' title='bbox 1119 1287 1156 1338; x_wconf 93' lang='lat' dir='ltr'><strong>se</strong></span> <span class='ocrx_word' id='word_1_43' title='bbox 1175 1268 1293 1341; x_wconf 83' lang='lat' dir='ltr'><strong>ridere</strong></span> 
     </span>
     <span class='ocr_line' id='line_1_8' title="bbox 214 1378 1293 1470; baseline 0.004 -18"><span class='ocrx_word' id='word_1_44' title='bbox 214 1383 424 1452; x_wconf 88' lang='lat' dir='ltr'><strong>arbitrantes</strong></span> <span class='ocrx_word' id='word_1_45' title='bbox 448 1378 701 1467; x_wconf 88' lang='lat' dir='ltr'><strong>intempestivis</strong></span> <span class='ocrx_word' id='word_1_46' title='bbox 724 1379 814 1468; x_wconf 88' lang='lat' dir='ltr'><strong>jocis</strong></span> <span class='ocrx_word' id='word_1_47' title='bbox 840 1379 984 1462; x_wconf 86' lang='lat' dir='ltr'><strong>avertit,</strong></span> <span class='ocrx_word' id='word_1_48' title='bbox 1017 1383 1148 1470; x_wconf 90' lang='lat' dir='ltr'><strong>quibus</strong></span> <span class='ocrx_word' id='word_1_49' title='bbox 1175 1384 1293 1455; x_wconf 91' lang='lat' dir='ltr'><strong>omnia</strong></span> 
     </span>
     <span class='ocr_line' id='line_1_9' title="bbox 213 1493 1292 1595; baseline 0.002 -28"><span class='ocrx_word' id='word_1_50' title='bbox 213 1499 289 1567; x_wconf 86' lang='lat' dir='ltr'><strong>haec</strong></span> <span class='ocrx_word' id='word_1_51' title='bbox 311 1497 396 1595; x_wconf 65' lang='lat' dir='ltr'><strong>ficta⁸</strong></span> <span class='ocrx_word' id='word_1_52' title='bbox 413 1501 447 1565; x_wconf 87' lang='lat' dir='ltr'><strong>et</strong></span> <span class='ocrx_word' id='word_1_53' title='bbox 469 1493 555 1562; x_wconf 87' lang='lat' dir='ltr'><strong>salsa</strong></span> <span class='ocrx_word' id='word_1_54' title='bbox 579 1513 654 1562; x_wconf 87' lang='lat' dir='ltr'><strong>esse</strong></span> <span class='ocrx_word' id='word_1_55' title='bbox 679 1495 790 1590; x_wconf 88' lang='lat' dir='ltr'><strong>docet.</strong></span> <span class='ocrx_word' id='word_1_56' title='bbox 821 1495 973 1578; x_wconf 89' lang='lat' dir='ltr'><strong>Aurum,</strong></span> <span class='ocrx_word' id='word_1_57' title='bbox 997 1517 1068 1586; x_wconf 92' lang='lat' dir='ltr'><strong>quo</strong></span> <span class='ocrx_word' id='word_1_58' title='bbox 1092 1499 1292 1571; x_wconf 77' lang='lat' dir='ltr'><strong>meretrices</strong></span> 
     </span>
     <span class='ocr_line' id='line_1_10' title="bbox 213 1609 1290 1704; baseline 0.002 -20"><span class='ocrx_word' id='word_1_59' title='bbox 213 1619 390 1693; x_wconf 91' lang='lat' dir='ltr'><strong>emuntur,</strong></span> <span class='ocrx_word' id='word_1_60' title='bbox 418 1611 468 1679; x_wconf 86' lang='lat' dir='ltr'><strong>nii</strong></span> <span class='ocrx_word' id='word_1_61' title='bbox 494 1609 562 1679; x_wconf 91' lang='lat' dir='ltr'><strong>nisi</strong></span> <span class='ocrx_word' id='word_1_62' title='bbox 587 1629 712 1701; x_wconf 89' lang='lat' dir='ltr'><strong>aurum</strong></span> <span class='ocrx_word' id='word_1_63' title='bbox 737 1611 910 1680; x_wconf 91' lang='lat' dir='ltr'><strong>comicum</strong></span> <span class='ocrx_word' id='word_1_64' title='bbox 931 1630 1006 1682; x_wconf 90' lang='lat' dir='ltr'><strong>esse</strong></span> <span class='ocrx_word' id='word_1_65' title='bbox 1026 1614 1200 1697; x_wconf 86' lang='lat' dir='ltr'><strong>admonet,</strong></span> <span class='ocrx_word' id='word_1_66' title='bbox 1218 1635 1290 1704; x_wconf 92' lang='lat' dir='ltr'><strong>quo</strong></span> 
     </span>
     <span class='ocr_line' id='line_1_11' title="bbox 214 1723 1291 1818; baseline 0.002 -19"><span class='ocrx_word' id='word_1_67' title='bbox 214 1750 299 1799; x_wconf 88' lang='lat' dir='ltr'><strong>auro</strong></span> <span class='ocrx_word' id='word_1_68' title='bbox 320 1726 419 1815; x_wconf 75' lang='lat' dir='ltr'><strong>¹hones</strong></span> <span class='ocrx_word' id='word_1_69' title='bbox 444 1725 480 1793; x_wconf 82' lang='lat' dir='ltr'><strong>in</strong></span> <span class='ocrx_word' id='word_1_70' title='bbox 506 1723 665 1795; x_wconf 81' lang='lat' dir='ltr'><strong>barbaria</strong></span> <span class='ocrx_word' id='word_1_71' title='bbox 681 1724 828 1818; x_wconf 68' lang='lat' dir='ltr'><strong>pinques</strong></span> <span class='ocrx_word' id='word_1_72' title='bbox 850 1725 939 1817; x_wconf 76' lang='lat' dir='ltr'><strong>ficret</strong></span> <span class='ocrx_word' id='word_1_73' title='bbox 953 1723 980 1795; x_wconf 83' lang='lat'><strong>².</strong></span> <span class='ocrx_word' id='word_1_74' title='bbox 1005 1730 1136 1811; x_wconf 88' lang='lat' dir='ltr'><strong>Vestes,</strong></span> <span class='ocrx_word' id='word_1_75' title='bbox 1161 1730 1291 1818; x_wconf 88' lang='lat' dir='ltr'><strong>quibus</strong></span> 
     </span>
     <span class='ocr_line' id='line_1_12' title="bbox 212 1823 1290 1935; baseline 0.003 -21"><span class='ocrx_word' id='word_1_76' title='bbox 212 1845 249 1914; x_wconf 92' lang='lat' dir='ltr'><strong>in</strong></span> <span class='ocrx_word' id='word_1_77' title='bbox 270 1823 493 1934; x_wconf 80' lang='lat' dir='ltr'><strong>peregrinum</strong></span> <span class='ocrx_word' id='word_1_78' title='bbox 515 1843 658 1913; x_wconf 90' lang='lat' dir='ltr'><strong>modum</strong></span> <span class='ocrx_word' id='word_1_79' title='bbox 682 1849 854 1912; x_wconf 84' lang='lat' dir='ltr'><strong>ornantur</strong></span> <span class='ocrx_word' id='word_1_80' title='bbox 872 1842 932 1931; x_wconf 86' lang='lat' dir='ltr'><strong>qui</strong></span> <span class='ocrx_word' id='word_1_81' title='bbox 950 1844 1112 1914; x_wconf 91' lang='lat' dir='ltr'><strong>lenonem</strong></span> <span class='ocrx_word' id='word_1_82' title='bbox 1131 1846 1290 1935; x_wconf 89' lang='lat' dir='ltr'><strong>decipere</strong></span> 
     </span>
     <span class='ocr_line' id='line_1_13' title="bbox 212 1958 1377 2049; baseline 0.001 -19"><span class='ocrx_word' id='word_1_83' title='bbox 212 1961 351 2042; x_wconf 90' lang='lat' dir='ltr'><strong>volunt,</strong></span> <span class='ocrx_word' id='word_1_84' title='bbox 378 1959 447 2029; x_wconf 92' lang='lat' dir='ltr'><strong>abs</strong></span> <span class='ocrx_word' id='word_1_85' title='bbox 469 1958 620 2049; x_wconf 84' lang='lat' dir='ltr'><strong>chorago</strong></span> <span class='ocrx_word' id='word_1_86' title='bbox 642 1978 718 2031; x_wconf 88' lang='lat' dir='ltr'><strong>esse</strong></span> <span class='ocrx_word' id='word_1_87' title='bbox 743 1964 902 2049; x_wconf 91' lang='lat' dir='ltr'><strong>sumptas</strong></span> <span class='ocrx_word' id='word_1_88' title='bbox 923 1959 1076 2043; x_wconf 91' lang='lat' dir='ltr'><strong>scimus;</strong></span> <span class='ocrx_word' id='word_1_89' title='bbox 1101 1982 1182 2031; x_wconf 90' lang='lat' dir='ltr'><strong>nam</strong></span> <span class='ocrx_word' id='word_1_90' title='bbox 1205 1962 1291 2031; x_wconf 92' lang='lat' dir='ltr'><strong>cho-</strong></span> <span class='ocrx_word' id='word_1_91' title='bbox 1369 1965 1377 1983; x_wconf 64' lang='lat'>⁸</span> 
     </span>
    </p>
   </div>
   <div class='ocr_carea' id='block_1_5' title="bbox 213 2094 318 2165">
    <p class='ocr_par' dir='ltr' id='par_1_5' title="bbox 213 2094 318 2165">
     <span class='ocr_line' id='line_1_14' title="bbox 213 2094 318 2165; baseline -0.029 -20"><span class='ocrx_word' id='word_1_92' title='bbox 213 2094 318 2165; x_wconf 81' lang='lat' dir='ltr'><strong>rogus</strong></span> 
     </span>
    </p>
   </div>
   <div class='ocr_carea' id='block_1_6' title="bbox 353 2241 1009 2320">
    <p class='ocr_par' dir='ltr' id='par_1_6' title="bbox 353 2241 1009 2320">
     <span class='ocr_line' id='line_1_15' title="bbox 353 2241 1009 2320; baseline -0.002 -15"><span class='ocrx_word' id='word_1_93' title='bbox 353 2249 424 2305; x_wconf 82' lang='lat' dir='ltr'><strong>Dare</strong></span> <span class='ocrx_word' id='word_1_94' title='bbox 435 2245 535 2317; x_wconf 83' lang='lat' dir='ltr'><strong>dehet3</strong></span> <span class='ocrx_word' id='word_1_95' title='bbox 550 2241 701 2320; x_wconf 83' lang='lat' dir='ltr'><strong>praebenda</strong></span> <span class='ocrx_word' id='word_1_96' title='bbox 714 2243 809 2303; x_wconf 85' lang='lat' dir='ltr'><strong>aediles</strong></span> <span class='ocrx_word' id='word_1_97' title='bbox 819 2245 980 2306; x_wconf 83' lang='lat' dir='ltr'><strong>locaverunt</strong></span> <span class='ocrx_word' id='word_1_98' title='bbox 988 2253 1009 2304; x_wconf 82' lang='lat'><strong>⁸.</strong></span> 
     </span>
    </p>
   </div>
   <div class='ocr_carea' id='block_1_7' title="bbox 208 2433 1289 2986">
    <p class='ocr_par' dir='ltr' id='par_1_7' title="bbox 208 2433 1289 2986">
     <span class='ocr_line' id='line_1_16' title="bbox 211 2433 1289 2532; baseline 0.009 -28"><span class='ocrx_word' id='word_1_99' title='bbox 211 2436 341 2505; x_wconf 90' lang='lat' dir='ltr'><strong>Nolunt</strong></span> <span class='ocrx_word' id='word_1_100' title='bbox 367 2443 501 2505; x_wconf 89' lang='lat' dir='ltr'><strong>actores</strong></span> <span class='ocrx_word' id='word_1_101' title='bbox 524 2434 585 2523; x_wconf 87' lang='lat' dir='ltr'><strong>qui</strong></span> <span class='ocrx_word' id='word_1_102' title='bbox 611 2433 898 2523; x_wconf 75' lang='lat' dir='ltr'><strong>Amphitruonis,</strong></span> <span class='ocrx_word' id='word_1_103' title='bbox 929 2442 990 2507; x_wconf 94' lang='lat' dir='ltr'><strong>aut</strong></span> <span class='ocrx_word' id='word_1_104' title='bbox 1016 2437 1198 2532; x_wconf 84' lang='lat' dir='ltr'><strong>Mercurii,</strong></span> <span class='ocrx_word' id='word_1_105' title='bbox 1228 2452 1289 2515; x_wconf 85' lang='lat' dir='ltr'><strong>out</strong></span> 
     </span>
     <span class='ocr_line' id='line_1_17' title="bbox 211 2549 1289 2646; baseline 0.01 -29"><span class='ocrx_word' id='word_1_106' title='bbox 211 2549 306 2619; x_wconf 86' lang='lat' dir='ltr'><strong>Jovis</strong></span> <span class='ocrx_word' id='word_1_107' title='bbox 321 2554 437 2637; x_wconf 86' lang='lat' dir='ltr'><strong>partes</strong></span> <span class='ocrx_word' id='word_1_108' title='bbox 452 2558 560 2638; x_wconf 82' lang='lat' dir='ltr'><strong>agunt</strong></span> <span class='ocrx_word' id='word_1_109' title='bbox 577 2550 796 2639; x_wconf 19' lang='lat' dir='ltr'><strong>sihi-aliquid</strong></span> <span class='ocrx_word' id='word_1_110' title='bbox 811 2551 937 2641; x_wconf 81' lang='lat' dir='ltr'><strong>regalis</strong></span> <span class='ocrx_word' id='word_1_111' title='bbox 952 2554 1151 2643; x_wconf 84' lang='lat' dir='ltr'><strong>autdirinae</strong></span> <span class='ocrx_word' id='word_1_112' title='bbox 1163 2566 1289 2646; x_wconf 87' lang='lat' dir='ltr'><strong>poten-</strong></span> 
     </span>
     <span class='ocr_line' id='line_1_18' title="bbox 211 2647 1286 2765; baseline 0.009 -32"><span class='ocrx_word' id='word_1_113' title='bbox 211 2647 473 2755; x_wconf 80' lang='lat' dir='ltr'><strong>tiaearrogare:</strong></span> <span class='ocrx_word' id='word_1_114' title='bbox 495 2664 584 2735; x_wconf 89' lang='lat' dir='ltr'><strong>servi</strong></span> <span class='ocrx_word' id='word_1_115' title='bbox 600 2670 694 2746; x_wconf 90' lang='lat' dir='ltr'><strong>sunt,</strong></span> <span class='ocrx_word' id='word_1_116' title='bbox 717 2664 968 2765; x_wconf 69' lang='lat' dir='ltr'><strong>homocenotc&#39;</strong></span> <span class='ocrx_word' id='word_1_117' title='bbox 989 2679 1108 2754; x_wconf 82' lang='lat' dir='ltr'><strong>matre,</strong></span> <span class='ocrx_word' id='word_1_118' title='bbox 1137 2672 1286 2744; x_wconf 84' lang='lat' dir='ltr'><strong>humano</strong></span> 
     </span>
     <span class='ocr_line' id='line_1_19' title="bbox 208 2775 1283 2874; baseline 0.012 -27"><span class='ocrx_word' id='word_1_119' title='bbox 208 2789 306 2869; x_wconf 82' lang='lat' dir='ltr'><strong>patre</strong></span> <span class='ocrx_word' id='word_1_120' title='bbox 325 2775 351 2864; x_wconf 84' lang='lat'><strong>⁴,</strong></span> <span class='ocrx_word' id='word_1_121' title='bbox 382 2786 417 2850; x_wconf 89' lang='lat' dir='ltr'><strong>et</strong></span> <span class='ocrx_word' id='word_1_122' title='bbox 442 2780 502 2868; x_wconf 90' lang='lat' dir='ltr'><strong>qui</strong></span> <span class='ocrx_word' id='word_1_123' title='bbox 530 2779 1150 2871; x_wconf 53' lang='lat' dir='ltr'><strong>vehementer,malumformidanm</strong></span> <span class='ocrx_word' id='word_1_124' title='bbox 1183 2808 1283 2874; x_wconf 88' lang='lat' dir='ltr'><strong>nam,</strong></span> 
     </span>
     <span class='ocr_line' id='line_1_20' title="bbox 210 2894 940 2986; baseline 0.003 -20"><span class='ocrx_word' id='word_1_125' title='bbox 210 2902 349 2984; x_wconf 88' lang='lat' dir='ltr'><strong>peracta</strong></span> <span class='ocrx_word' id='word_1_126' title='bbox 368 2894 497 2978; x_wconf 85' lang='lat' dir='ltr'><strong>fabula,</strong></span> <span class='ocrx_word' id='word_1_127' title='bbox 517 2901 722 2966; x_wconf 90' lang='lat' dir='ltr'><strong>ornamenta</strong></span> <span class='ocrx_word' id='word_1_128' title='bbox 741 2902 884 2986; x_wconf 91' lang='lat' dir='ltr'><strong>ponent,</strong></span> <span class='ocrx_word' id='word_1_129' title='bbox 904 2903 940 2968; x_wconf 91' lang='lat' dir='ltr'><strong>et</strong></span> 
     </span>
    </p>
   </div>
   <div class='ocr_carea' id='block_1_8' title="bbox 350 3052 1106 3179">
    <p class='ocr_par' dir='ltr' id='par_1_8' title="bbox 350 3052 1106 3179">
     <span class='ocr_line' id='line_1_21' title="bbox 350 3052 1106 3179; baseline 0.007 -18"><span class='ocrx_word' id='word_1_130' title='bbox 350 3101 403 3173; x_wconf 75' lang='lat' dir='ltr'><strong>our</strong></span> <span class='ocrx_word' id='word_1_131' title='bbox 417 3100 546 3178; x_wconf 85' lang='lat' dir='ltr'><strong>deliquit,</strong></span> <span class='ocrx_word' id='word_1_132' title='bbox 557 3052 699 3178; x_wconf 73' lang='lat' dir='ltr'><strong>rapulabit</strong></span> <span class='ocrx_word' id='word_1_133' title='bbox 706 3122 715 3175; x_wconf 86' lang='lat'>;</span> <span class='ocrx_word' id='word_1_134' title='bbox 730 3100 779 3178; x_wconf 85' lang='lat' dir='ltr'><strong>qui</strong></span> <span class='ocrx_word' id='word_1_135' title='bbox 790 3117 845 3161; x_wconf 82' lang='lat' dir='ltr'><strong>non</strong></span> <span class='ocrx_word' id='word_1_136' title='bbox 857 3058 985 3179; x_wconf 79' lang='lat' dir='ltr'><strong>denquit,</strong></span> <span class='ocrx_word' id='word_1_137' title='bbox 997 3104 1077 3166; x_wconf 76' lang='lat' dir='ltr'><strong>noc</strong></span> <span class='ocrx_word' id='word_1_138' title='bbox 1085 3108 1106 3165; x_wconf 61' lang='grc' dir='ltr'><strong>υ.</strong></span> 
     </span>
    </p>
   </div>
   <div class='ocr_carea' id='block_1_9' title="bbox 145 3267 1377 3583">
    <p class='ocr_par' dir='ltr' id='par_1_9' title="bbox 145 3267 1377 3583">
     <span class='ocr_line' id='line_1_22' title="bbox 145 3267 1287 3384; baseline 0.006 -33"><span class='ocrx_word' id='word_1_139' title='bbox 145 3267 148 3273; x_wconf 65' lang='grc'>’</span> <span class='ocrx_word' id='word_1_140' title='bbox 207 3282 343 3371; x_wconf 58' lang='grc' dir='ltr'><strong>,δωρίυε</strong></span> <span class='ocrx_word' id='word_1_141' title='bbox 355 3281 617 3370; x_wconf 79' lang='lat' dir='ltr'><strong>Aristophanes,</strong></span> <span class='ocrx_word' id='word_1_142' title='bbox 632 3303 676 3352; x_wconf 92' lang='lat' dir='ltr'><strong>ne</strong></span> <span class='ocrx_word' id='word_1_143' title='bbox 689 3303 726 3352; x_wconf 91' lang='lat' dir='ltr'><strong>se</strong></span> <span class='ocrx_word' id='word_1_144' title='bbox 738 3281 775 3351; x_wconf 95' lang='lat' dir='ltr'><strong>in</strong></span> <span class='ocrx_word' id='word_1_145' title='bbox 791 3283 1020 3384; x_wconf 84' lang='lat' dir='ltr'><strong>expositionis</strong></span> <span class='ocrx_word' id='word_1_146' title='bbox 1040 3285 1158 3357; x_wconf 78' lang='lat' dir='ltr'><strong>arduae</strong></span> <span class='ocrx_word' id='word_1_147' title='bbox 1172 3289 1287 3359; x_wconf 90' lang='lat' dir='ltr'><strong>amha-</strong></span> 
     </span>
     <span class='ocr_line' id='line_1_23' title="bbox 209 3383 1377 3489; baseline 0.007 -22"><span class='ocrx_word' id='word_1_148' title='bbox 209 3418 268 3488; x_wconf 78' lang='lat' dir='ltr'><strong>ges</strong></span> <span class='ocrx_word' id='word_1_149' title='bbox 283 3396 447 3486; x_wconf 91' lang='lat' dir='ltr'><strong>implicet,</strong></span> <span class='ocrx_word' id='word_1_150' title='bbox 462 3417 623 3469; x_wconf 89' lang='lat' dir='ltr'><strong>sermone</strong></span> <span class='ocrx_word' id='word_1_151' title='bbox 638 3399 681 3468; x_wconf 90' lang='lat' dir='ltr'><strong>ad</strong></span> <span class='ocrx_word' id='word_1_152' title='bbox 698 3397 835 3489; x_wconf 89' lang='lat' dir='ltr'><strong>plebem</strong></span> <span class='ocrx_word' id='word_1_153' title='bbox 854 3417 1040 3487; x_wconf 88' lang='lat' dir='ltr'><strong>converso,</strong></span> <span class='ocrx_word' id='word_1_154' title='bbox 1057 3423 1129 3474; x_wconf 90' lang='lat' dir='ltr'><strong>rem</strong></span> <span class='ocrx_word' id='word_1_155' title='bbox 1146 3423 1285 3475; x_wconf 89' lang='lat' dir='ltr'><strong>omnem</strong></span> <span class='ocrx_word' id='word_1_156' title='bbox 1373 3383 1377 3391; x_wconf 57' lang='grc'>’</span> 
     </span>
     <span class='ocr_line' id='line_1_24' title="bbox 209 3521 1078 3583; baseline 0.005 0"><span class='ocrx_word' id='word_1_157' title='bbox 209 3521 377 3583; x_wconf 85' lang='lat' dir='ltr'><strong>enarrat:</strong></span> <span class='ocrx_word' id='word_1_158' title='bbox 404 3532 406 3539; x_wconf 90' lang='lat'><em>·</em></span> <span class='ocrx_word' id='word_1_159' title='bbox 1074 3539 1078 3546; x_wconf 72' lang='grc'><strong><em>’</em></strong></span> 
     </span>
    </p>
   </div>
   <div class='ocr_carea' id='block_1_10' title="bbox 370 3666 1123 3876">
    <p class='ocr_par' dir='ltr' id='par_1_10' title="bbox 370 3666 1123 3876">
     <span class='ocr_line' id='line_1_25' title="bbox 370 3666 1123 3785; baseline 0.007 -31"><span class='ocrx_word' id='word_1_160' title='bbox 370 3699 461 3754; x_wconf 75' lang='grc' dir='ltr'><strong>Βούλει</strong></span> <span class='ocrx_word' id='word_1_161' title='bbox 470 3698 501 3753; x_wconf 89' lang='grc' dir='ltr'><strong>τὸ</strong></span> <span class='ocrx_word' id='word_1_162' title='bbox 516 3702 626 3774; x_wconf 78' lang='grc' dir='ltr'><em>πρᾶγμα</em></span> <span class='ocrx_word' id='word_1_163' title='bbox 641 3705 695 3761; x_wconf 81' lang='grc' dir='ltr'><strong>τοίς</strong></span> <span class='ocrx_word' id='word_1_164' title='bbox 708 3666 949 3785; x_wconf 10' lang='grc' dir='ltr'><strong>θεᾳταῖσινᾼφρὰσω</strong></span> <span class='ocrx_word' id='word_1_165' title='bbox 962 3709 1029 3771; x_wconf 73' lang='lat'><strong>⁸3...</strong></span> <span class='ocrx_word' id='word_1_166' title='bbox 1120 3754 1123 3759; x_wconf 93' lang='lat'>.</span> 
     </span>
     <span class='ocr_line' id='line_1_26' title="bbox 370 3793 982 3876; baseline 0.008 -23"><span class='ocrx_word' id='word_1_167' title='bbox 370 3801 430 3874; x_wconf 68' lang='lat' dir='ltr'><strong>nipe</strong></span> <span class='ocrx_word' id='word_1_168' title='bbox 445 3819 492 3853; x_wconf 78' lang='grc' dir='ltr'><strong>νυν</strong></span> <span class='ocrx_word' id='word_1_169' title='bbox 504 3801 617 3854; x_wconf 75' lang='grc' dir='ltr'><strong>κατείπω</strong></span> <span class='ocrx_word' id='word_1_170' title='bbox 628 3805 682 3860; x_wconf 81' lang='grc' dir='ltr'><strong>τοῖς</strong></span> <span class='ocrx_word' id='word_1_171' title='bbox 696 3799 801 3860; x_wconf 73' lang='grc' dir='ltr'><strong><em>θεαταῖς</em></strong></span> <span class='ocrx_word' id='word_1_172' title='bbox 814 3801 858 3854; x_wconf 80' lang='grc' dir='ltr'><strong>τὸν</strong></span> <span class='ocrx_word' id='word_1_173' title='bbox 870 3799 946 3876; x_wconf 69' lang='grc' dir='ltr'>λόγον</span> <span class='ocrx_word' id='word_1_174' title='bbox 959 3793 982 3858; x_wconf 69' lang='lat'><strong>².</strong></span> 
     </span>
    </p>
   </div>
   <div class='ocr_carea' id='block_1_11' title="bbox 207 3959 1287 4230">
    <p class='ocr_par' dir='ltr' id='par_1_11' title="bbox 207 3959 1287 4230">
     <span class='ocr_line' id='line_1_27' title="bbox 245 3959 1287 4060; baseline 0.01 -26"><span class='ocrx_word' id='word_1_175' title='bbox 245 3979 350 4050; x_wconf 71' lang='lat' dir='ltr'><strong>¹roen,</strong></span> <span class='ocrx_word' id='word_1_176' title='bbox 365 3959 1287 4060; x_wconf 64' lang='lat' dir='ltr'><strong>r,aco-wan,1n,s,m.-·rm.‚1,aso-ummo,</strong></span> 
     </span>
     <span class='ocr_line' id='line_1_28' title="bbox 207 4072 1286 4218; baseline 0.009 -94"><span class='ocrx_word' id='word_1_177' title='bbox 207 4073 274 4214; x_wconf 44' lang='lat' dir='ltr'><strong>prepi.</strong></span> <span class='ocrx_word' id='word_1_178' title='bbox 295 4073 345 4218; x_wconf 50' lang='grc' dir='ltr'><strong>2ἓ4</strong></span> <span class='ocrx_word' id='word_1_179' title='bbox 359 4101 395 4116; x_wconf 95' lang='grc'><strong>-</strong></span> <span class='ocrx_word' id='word_1_180' title='bbox 413 4074 554 4147; x_wconf 53' lang='grc' dir='ltr'><strong>’θίαιεῑιυ</strong></span> <span class='ocrx_word' id='word_1_181' title='bbox 568 4082 674 4134; x_wconf 74' lang='lat' dir='ltr'><strong>catam.</strong></span> <span class='ocrx_word' id='word_1_182' title='bbox 693 4079 720 4130; x_wconf 77' lang='grc'><strong>4.</strong></span> <span class='ocrx_word' id='word_1_183' title='bbox 736 4104 772 4116; x_wconf 90' lang='grc'>-</span> <span class='ocrx_word' id='word_1_184' title='bbox 790 4072 801 4109; x_wconf 84' lang='lat'>⁸</span> <span class='ocrx_word' id='word_1_185' title='bbox 817 4077 912 4141; x_wconf 73' lang='lat' dir='ltr'><strong>Arist„</strong></span> <span class='ocrx_word' id='word_1_186' title='bbox 932 4083 1037 4147; x_wconf 68' lang='lat' dir='ltr'><strong>nquit,</strong></span> <span class='ocrx_word' id='word_1_187' title='bbox 1052 4083 1097 4135; x_wconf 73' lang='lat'><strong>36.</strong></span> <span class='ocrx_word' id='word_1_188' title='bbox 1114 4080 1174 4120; x_wconf 78' lang='lat'><strong>-⁷</strong></span> <span class='ocrx_word' id='word_1_189' title='bbox 1190 4081 1286 4143; x_wconf 76' lang='lat' dir='ltr'><strong>Arist,</strong></span> 
     </span>
     <span class='ocr_line' id='line_1_29' title="bbox 254 4177 1112 4230; baseline 0.01 0"><span class='ocrx_word' id='word_1_190' title='bbox 254 4177 297 4230; x_wconf 66' lang='lat' dir='ltr'><strong>Po</strong></span> <span class='ocrx_word' id='word_1_191' title='bbox 347 4203 354 4217; x_wconf 89' lang='lat'><strong>·</strong></span> <span class='ocrx_word' id='word_1_192' title='bbox 1008 4199 1013 4209; x_wconf 90' lang='lat'><em>&#39;</em></span> <span class='ocrx_word' id='word_1_193' title='bbox 1067 4201 1071 4207; x_wconf 81' lang='grc'><strong>’</strong></span> <span class='ocrx_word' id='word_1_194' title='bbox 1109 4200 1112 4208; x_wconf 92' lang='grc'><strong>“</strong></span> 
     </span>
    </p>
   </div>
   <div class='ocr_carea' id='block_1_12' title="bbox 0 0 1504 5220">
    <p class='ocr_par' dir='ltr' id='par_1_12' title="bbox 0 0 1504 5220">
     <span class='ocr_line' id='line_1_30' title="bbox 0 0 1504 5220; baseline 0 3"><span class='ocrx_word' id='word_1_195' title='bbox 0 0 1504 5220; x_wconf 95' lang='lat' dir='ltr'><strong> </strong></span> 
     </span>
    </p>
   </div>
  </div>
 </body>
</html>
