3000 5220
644 363 839 434 ..24-

208 535 264 616 sit,
292 538 332 604 ut
356 532 447 602 inter
468 549 590 601 omnes
610 530 750 600 criticos
767 532 939 614 convenit,
959 539 1054 602 etex
1072 535 1283 606 Menandros

210 650 403 721 imitatione
439 650 503 719 has
535 649 706 737 imprimis
737 648 946 737 expresserit
978 650 1123 719 virtutes
1153 653 1284 740 quibus

209 766 362 836 eminere
388 783 467 835 eum
494 764 823 848 animadvertimus,
851 767 1026 853 quomodo
1049 766 1284 856 credipotest

209 883 352 953 Plautus
365 884 564 952 Graecorum
580 881 748 950 institisse
763 882 927 971 vestigiis,
949 902 1053 970 quem
1071 882 1173 951 toties
1187 884 1285 955 vide·

209 1019 288 1069 mus
317 1019 355 1067 33
387 992 571 1068 extendere
596 1019 674 1086 quae
701 998 858 1067 contrahi
886 998 1100 1081 debuissent,
1132 1019 1171 1069 ea
1200 1020 1283 1071 vero

209 1112 346 1184 auferre
367 1120 427 1183 aut
448 1114 568 1183 saltem
590 1113 703 1184 facere
728 1116 875 1184 arctiora
903 1135 981 1203 quae
1003 1114 1147 1184 liberius
1172 1137 1285 1205 popo.-

210 1229 359 1299 sclsseut
380 1230 548 1318 spatium,
569 1250 633 1299 nec
652 1232 727 1300 sine
748 1250 873 1321 magno
894 1229 1020 1301 fabulae
1043 1233 1171 1301 damno
1193 1254 1285 1322 prae-

212 1347 357 1417 termitti
375 1348 429 1417 vel
444 1347 554 1418 minui
573 1353 745 1435 poterant.
765 1348 798 1417 Si
815 1367 918 1435 quem
939 1347 1032 1416 enim
1048 1349 1179 1431 salibus
1194 1347 1287 1419 fera-

143 1532 148 1544 ,
213 1462 342 1532 ciorem
365 1464 480 1533 locum
504 1463 686 1543 invenerit,
706 1463 817 1551 etqui
843 1464 953 1553 magis
976 1464 1167 1534 alliciendae
1191 1466 1284 1554 plebi

212 1579 413 1661 conveniat,
443 1580 537 1649 hunc
564 1587 731 1669 tanquam
762 1581 804 1650 ab
831 1581 905 1648 aliis
936 1588 1154 1672 segregatum
1182 1583 1286 1653 unice

212 1693 315 1777 fovet,
336 1714 399 1764 nec
422 1703 520 1765 curat
540 1716 584 1764 33
604 1697 661 1765 1113
681 1717 758 1785 quae
784 1697 1046 1768 munificentius
1064 1698 1183 1787 adjicit
1202 1718 1286 1789 pro-

212 1811 327 1901 posito
349 1818 428 1902 apte
451 1814 660 1895 conducant,
686 1821 719 1882 et
735 1834 814 1882 vere
829 1814 871 1882 ad
888 1814 1019 1884 exitum
1040 1805 1167 1885 fabulae
1186 1835 1287 1903 speo-

213 1933 298 1999 tent.
328 1932 438 1998 lmmo
458 1950 537 2000 eum
561 1930 667 2020 hujus
691 1932 874 2020 propositi,
901 1938 935 2000 et
954 1931 1083 2012 exitus,
1110 1938 1144 2000 et
1162 1938 1285 2001 ceterae

212 2043 458 2134 paene·sabulae
478 2046 716 2135 immemorem
733 2049 877 2129 diceres,
894 2048 979 2117 adeo
999 2069 1036 2116 se
1056 2047 1138 2116 huic
1158 2067 1283 2132 scenae,

212 2179 282 2248 qua
307 2161 493 2244 detinetur,
523 2166 633 2232 totum
663 2164 848 2252 applicuitl
885 2163 952 2248 Qui
983 2184 1063 2233 vero
1094 2163 1123 2231 is
1147 2171 1221 2234 erat
1248 2174 1288 2236 ut

212 2277 326 2348 varias
350 2277 476 2348 sabulae
501 2286 617 2369 partes
638 2282 740 2349 modo
758 2280 960 2362 studiosius,
985 2282 1087 2349 modo
1108 2283 1288 2372 negligen-

215 2397 295 2479 tius,
312 2397 498 2487 minusque
517 2419 558 2468 ex
571 2399 766 2489 argumenti
783 2398 929 2480 ratione,
949 2418 1053 2486 quam
1072 2418 1114 2467 ex
1129 2398 1287 2469 lubidine

214 2509 344 2598 ingenii
367 2509 526 2592 haberet,
548 2512 583 2579 in
605 2512 764 2600 personis
790 2512 893 2580 etiam
918 2512 991 2581 suis
1017 2511 1094 2581 odia
1117 2511 1287 2581 3313311-
1357 2549 1360 2556 ·

214 2623 312 2692 311133
327 2643 426 2710 poene
442 2625 637 2693 exercuisse
652 2645 723 2694 non
743 2628 936 2695 miraberis.
954 2629 1049 2711 Quos
1067 2628 1160 2694 enim
1178 2629 1287 2715 potis·

213 2740 340 2808 simum
362 2738 519 2808 dilexerit
539 2735 687 2832 (pejmes
704 2750 819 2811 autem
838 2751 898 2812 aut
913 2742 1082 2831 dignitate
1101 2749 1160 2811 aut
1179 2745 1287 2813 mori-

213 2855 279 2925 bus
300 2856 505 2944 plerumque
530 2855 691 2926 dilexisse
714 2857 893 2928 fatendum
915 2852 980 2951 est)
1005 2879 1064 2926 eos
1084 2879 1284 2948 quanquam

213 2974 384 3043 secundas
400 2973 458 3041 vix
475 2981 591 3062 partes
609 2996 709 3066 agere
728 2976 901 3058 decuerat,
920 2996 989 3044 333
1012 2975 1149 3046 dubitat
1168 2983 1285 3048 tamen

212 3090 365 3181 primum
379 3089 414 3159 in
431 3090 546 3161 locum
562 3112 776 3180 promovere.
797 3095 966 3176 1333333,
990 3093 1205 3175 meretrices,
1224 3114 1287 3183 pa-

214 3207 338 3276 rasitos
356 3208 484 3295 gaudet
500 3206 679 3297 effingere,
697 3214 731 3277 31
747 3207 807 3277 diu
824 3208 1006 3295 loquentes
1029 3208 1215 3290 inducere,
1235 3216 1284 3292 31,

213 3322 328 3410 quoad
350 3322 424 3390 fieri
447 3327 572 3411 potest,
594 3322 630 3390 in
649 3342 752 3391 33333
769 3322 933 3404 33113333,
960 3322 1063 3391 etiam
1089 3343 1197 3411 quum
1222 3325 1288 3396 ho·

214 3437 426 3509 nestioribus
453 3437 723 3528 utilioribusque
754 3440 914 3528 personis
942 3438 1037 3509 sandi
1063 3441 1161 3530 copia
1197 3448 1288 3513 esset

214 3556 445 3626 concedenda.
459 3556 523 3625 Sed
537 3557 651 3627 nullos
665 3576 820 3645 unquam
834 3556 1060 3646 magisamice
1075 3563 1108 3626 et
1122 3558 1287 3628 benevole

214 3672 357 3742 Plautus
375 3672 509 3754 habuit,
528 3691 631 3761 quam
652 3692 779 3742 servos.
800 3671 862 3753 Illi,
881 3671 1001 3742 slvere
1019 3691 1073 3741 res
1089 3671 1174 3739 velis
1194 3671 1287 3740 33311-

214 3806 320 3869 mare,
341 3787 378 3855 13
401 3786 569 3858 Ρ13311313
592 3785 720 3856 sabulis
739 3788 983 3870 dominantur;
1001 3788 1131 3876 quippe
1149 3787 1210 3876 qui
1231 3789 1286 3856 in-

213 3904 326 3994 genio,
343 3904 491 3986 astutiis,
507 3909 541 3974 et
556 3903 772 3994 excogitandi
793 3911 876 3986 arte,
896 3911 930 3974 et
945 3905 1068 3993 peritia
1085 3902 1287 3992 perficiendi

214 4020 385 4111 ingenuos
417 4019 577 4090 homiues
606 4022 755 4091 multum
791 4027 1011 4110 exsuperent.
1049 4021 1287 4112 Nequicquam

216 4137 359 4220 domini,
377 4138 520 4210 herilem
540 4140 744 4232 dignitatem
767 4139 899 4210 scilicet
921 4138 1057 4221 tuituri,
1083 4158 1127 4208 ne
1149 4138 1267 4228 quidv
