3000 5220
705 381 876 454 45..

252 549 354 637 Quod
382 568 463 623 varo
499 552 632 642 spectat
656 546 699 621 ad
726 549 908 620 Patalam
934 552 969 622 et
998 552 1042 622 ad
1071 545 1326 635 Mostcttortom,

163 737 165 740 Α
252 687 339 757 quas
366 669 527 740 nonnulli
556 668 665 738 critici
689 666 882 762 Καρχηδονίῳ
911 669 1094 738 Menandri
1126 675 1160 739 et
1188 672 1327 760 Φάσματι

252 784 461 875 Theognetis
485 784 652 868 raserunt,
678 786 823 874 nequire
849 786 900 855 eis
926 784 1095 856 assentire
1122 784 1328 856 fatebuntur

251 901 312 989 qui
332 903 451 972 Graeca
475 901 668 993 fragmenta
685 903 855 983 idoneum
880 902 916 971 in
940 902 1047 972 latina
1067 901 1186 972 fabula
1208 905 1324 972 locum

251 1035 323 1086 non
349 1016 478 1088 hahere
504 1019 790 1090 animadvertent.
813 1021 943 1090 Ceterae
958 1040 1039 1090 vero
1061 1018 1172 1089 Plauti
1194 1040 1328 1090 comoe-

228 1156 230 1160 “
250 1132 331 1218 diac,
349 1155 498 1222 quarum
522 1135 655 1224 periere
678 1136 823 1226 prologi,
841 1156 884 1205 ex
903 1157 973 1224 quo
997 1135 1128 1205 luerint
1146 1142 1248 1224 poeta
1267 1156 1328 1205 ex-

249 1270 391 1340 pressae,
406 1251 506 1334 latet;
522 1253 583 1322 sed
596 1273 704 1340 quum
719 1271 783 1320 nec
798 1257 1086 1342 argumentorum
1098 1251 1244 1334 delectu,
1263 1271 1327 1321 nec

248 1365 373 1437 habitu
400 1385 631 1455 personarum
657 1367 755 1442 valde
787 1368 830 1436 ab
860 1367 937 1436 aliis
968 1368 1141 1450 differant,
1168 1389 1254 1457 quas
1286 1389 1329 1439 ex

248 1481 441 1552 Menandro
453 1489 488 1553 et
502 1483 704 1552 Philemone
719 1483 956 1566 transtulerat,
971 1484 1204 1573 proculomni
1220 1482 1335 1554 dubio

249 1604 303 1668 est
323 1605 382 1669 aut
399 1619 441 1668 ex
456 1599 586 1669 eisdem
604 1597 712 1668 luisse
732 1600 865 1682 ductas,
883 1607 943 1669 aut
960 1600 1082 1670 saltem
1101 1620 1145 1670 ex
1160 1598 1235 1668 aliis
1252 1602 1326 1691 ejus

249 1715 361 1784 aetatis
392 1714 623 1804 scriptoribus
646 1716 706 1803 qui
736 1716 894 1786 eamdam
919 1717 1090 1787 rationem
1118 1713 1261 1786 etaiam
1288 1715 1325 1786 in

249 1831 435 1901 scribenda
450 1831 622 1901 comoedia
631 1841 854 1921 usurparent.

299 1949 369 2017 Nec
398 1953 450 2018 est
483 1969 546 2018 cur
575 1950 743 2019 miremur
773 1949 934 2019 Plautum
968 1955 1171 2041 veteresque
1208 1954 1326 2023 Romae

251 2070 371 2152 poetas
389 2082 488 2133 novae
509 2066 709 2135 Graecorum
726 2065 907 2135 comoediae
919 2086 956 2136 se
973 2068 1197 2154 potissimum
1215 2071 1327 2160 appli-

252 2179 376 2250 cuisse.
394 2183 442 2249 Ea
457 2181 551 2249 anim
569 2180 749 2250 comoediae
766 2179 878 2250 forma
894 2181 966 2250 sola
979 2185 1072 2270 apud
1083 2186 1222 2255 Graecos
1234 2188 1330 2278 vigo·

250 2298 321 2381 bat,
351 2317 460 2386 quum
489 2297 588 2368 latini
616 2319 635 2368 a
657 2298 787 2368 Graecis
808 2297 960 2387 aliquam
978 2296 1125 2368 sormam
1146 2303 1328 2372 comoediae

252 2414 400 2483 mutuati
415 2419 509 2497 sunt;
528 2435 578 2497 aa,
598 2433 660 2484 seu
674 2414 782 2504 gratia
800 2413 974 2496 novitatis,
987 2432 1081 2502 quac,
1094 2431 1204 2505 quum
1217 2417 1253 2486 in
1271 2437 1329 2488 oe-

252 2529 336 2598 teris
358 2529 474 2611 rebus,
497 2535 570 2599 tum
592 2530 786 2618 praesertim
813 2531 850 2598 in
877 2531 1013 2600 theatro
1028 2533 1128 2617 valet,
1147 2554 1209 2604 sou
1233 2535 1327 2624 quod

253 2650 327 2714 erat
348 2643 472 2713 melius
490 2650 524 2713 et
540 2643 640 2715 novis
660 2644 817 2714 moribus
835 2650 868 2713 et
885 2645 985 2716 novis
1000 2646 1171 2718 institutis
1191 2669 1328 2718 accom·
1440 2676 1441 2679 ¹

254 2761 403 2843 modata,
430 2760 637 2830 comoediam
661 2763 812 2830 vetarem
837 2768 1070 2848 superaverat,
1092 2769 1126 2832 et
1147 2762 1218 2832 lere
1240 2765 1328 2833 obli-

252 2877 355 2948 vione
368 2878 556 2958 deleverat;
576 2867 651 2945 eam
667 2876 775 2944 solam
798 2875 835 2943 in
856 2872 990 2944 theatro
1009 2872 1196 2949 Tarentino
1212 2879 1331 2950 Livius

252 2992 475 3063 Andronicus
492 2991 683 3062 admiratus
705 2996 788 3074 erat,
804 3009 868 3060 nec
887 2998 1025 3080 poterat
1038 2993 1140 3064 aliam
1157 2995 1193 3065 in
1209 2997 1331 3066 Roma·

254 3131 339 3182 num
365 3112 539 3180 theatrum
562 3108 838 3181 transferendam
867 3108 1029 3198 cogitare.
1060 3111 1202 3182 Plautus
1224 3111 1330 3202 igitur

255 3227 400 3316 ejusque
431 3226 581 3314 aequales
613 3245 738 3295 novam
765 3224 973 3294 comoediam
1003 3226 1112 3295 secuti
1142 3231 1243 3308 sunt,
1269 3229 1330 3297 sed

256 3341 326 3411 sato
347 3342 496 3430 quodam
514 3345 558 3422 et,
576 3345 615 3409 ut
632 3340 679 3411 ita
696 3341 819 3423 dicam,
841 3340 1058 3423 necessitate,
1083 3334 1201 3429 potius
1223 3363 1328 3432 quam
1454 3433 1456 3435 ‚

256 3456 392 3526 delectu
416 3462 449 3525 et
475 3455 606 3538 studio;
631 3462 665 3525 et
685 3455 779 3526 haud
801 3455 873 3525 scio
892 3469 936 3524 an
959 3475 999 3526 ea
1019 3476 1122 3528 causa
1143 3456 1248 3528 fuerit
1267 3479 1330 3530 cur

257 3593 378 3645 omnes
390 3574 454 3644 hos
464 3580 595 3664 poetas,
604 3574 700 3646 nullo
713 3572 785 3644 iere
794 3573 914 3643 habito
924 3573 1135 3657 discrimine,
1150 3575 1330 3647 imitaren-

256 3699 325 3775 tur,
353 3712 418 3762 nec
436 3693 638 3765 viderentur
657 3704 780 3762 curare
800 3691 879 3780 quis
898 3692 1021 3761 ceteris
1043 3692 1184 3783 ingenio
1204 3699 1237 3764 et
1256 3701 1330 3766 arte

255 3787 486 3896 praestitisset.
503 3810 622 3880 Plures
638 3808 731 3879 enim
746 3829 764 3878 e
777 3806 917 3897 lliphilo
929 3815 964 3879 et
975 3807 1176 3879 Philemone
1195 3808 1331 3881 fabulas

257 3927 399 3998 Plautus
419 3929 607 4012 transtulit,
629 3948 733 4019 quam
755 3948 797 3997 ex
817 3927 1019 3998 Menandro.
1034 3927 1114 3996 Mox
1133 3932 1249 3998 autem
1268 3946 1333 4018 po-

161 4108 163 4112 .
256 4042 388 4116 litiores
403 4043 484 4114 iacti
499 4045 667 4129 Romani,
687 4046 957 4132 Graecarumque
975 4041 1169 4113 litterarum
1185 4042 1331 4134 peritio-

245 4150 323 4247 res,
345 4160 441 4234 huno
464 4161 673 4235 imitandum
701 4161 767 4234 sibi
791 4166 930 4251 poetam
961 4158 1134 4250 imprimis
1157 4161 1331 4251 optabunt
