3000 5220
414 320 436 371 ,i

654 421 848 490 ...57-

119 600 125 610 ·
209 588 281 658 sale
299 584 459 675 perlusa,
481 585 714 667 dedderabat,
734 584 863 673 quibus
881 588 1047 672 tanquam
1068 584 1149 654 vino
1168 591 1282 656 vetere

208 708 436 773 recrearetur.
453 703 533 770 Haec
553 699 619 770 luit
644 720 748 770 causa
766 721 828 770 cur
854 721 925 770 non
953 701 1037 768 adeo
1062 701 1181 770 multis
1203 709 1284 791 post

209 819 321 889 Plauti
351 825 498 888 mortem
527 818 640 900 annis,
663 817 800 899 aediles,
823 836 931 905 qurum
957 817 1078 906 populi
1105 838 1281 887 rumorem

210 935 476 1020 intellexissent,
489 954 558 1022 quo
572 933 726 1003 studiose
737 932 914 1001 Plautinas
924 931 1060 1003 fabulas
1072 940 1247 1022 expeteret
1257 932 1281 1018 ¹,

210 1054 434 1141 spectandam
455 1071 577 1121 rursus
589 1051 718 1140 populo
734 1049 897 1118 Casinam
913 1050 1082 1135 dederint,
1101 1074 1170 1143 qua
1189 1054 1283 1124 nulla

211 1171 405 1260 protervior
424 1176 498 1240 erat
523 1168 657 1262 fabula,
687 1167 790 1238 etad
817 1170 983 1238 obscoena
1010 1168 1171 1254 effusior,
1205 1179 1239 1242 et
1265 1193 1284 1242 a

210 1287 331 1355 Gracco
351 1291 556 1376 argumento
577 1285 722 1355 liberius
739 1285 885 1355 detorta.
904 1286 1022 1369 Quum
1038 1282 1191 1375 primum
1208 1294 1282 1358 acta

212 1409 280 1484 est,
309 1403 406 1473 valde
427 1399 648 1491 placuerat²;
673 1422 737 1471 nec
755 1401 905 1472 dubitari
933 1407 1049 1490 potest
1078 1423 1153 1472 eam
1174 1405 1284 1474 multo

211 1519 322 1611 magis
337 1519 521 1608 placuisse,
541 1539 650 1607 quum
669 1519 704 1587 in
723 1538 862 1588 scenam
884 1517 996 1601 rediit,
1014 1519 1185 1608 siquidem
1206 1541 1285 1611 quae

207 1635 364 1726 jucunda
391 1641 558 1725 grataque
585 1640 686 1716 sunt,
713 1654 821 1723 quum
845 1635 894 1703 eis
912 1634 1106 1719 caruimuS,
1133 1637 1284 1727 gratiora

211 1757 245 1821 et
262 1750 473 1841 iucundiora
490 1750 595 1819 etiam
612 1750 720 1819 videri
742 1751 864 1819 solent.

260 1867 344 1937 Novi
359 1871 474 1937 autem
486 1867 684 1956 scriptores,
698 1867 758 1954 qui
772 1867 889 1937 minus
902 1867 1032 1955 populo
1044 1867 1283 1951 consulebant,

211 1983 311 2074 pejus
328 1989 362 2052 et
374 1983 618 2053 inclementius
631 2003 650 2051 a
664 1981 794 2072 populo
809 1982 1081 2072 excipiebantur.
1094 1983 1283 2067 Caecilium,

109 2150 128 2165 κ
210 2110 348 2189 poetam
365 2120 449 2169 sane
469 2119 539 2169 non
561 2099 652 2168 inter
674 2098 950 2189 elegantissimos
967 2101 1283 2184 annumerandum,

212 2216 320 2305 etqui
337 2216 457 2299 Gellio,
479 2235 558 2287 cum
580 2217 771 2286 Menandro
789 2236 869 2286 eum
891 2218 1134 2306 componenti,
1157 2219 1285 2287 mirum

212 2330 248 2400 in
268 2332 409 2402 modum
434 2338 575 2421 stupere
598 2337 632 2400 et
656 2330 782 2423 frigere
804 2328 1024 2415 videbatur³,
1046 2331 1154 2402 luisse
1170 2338 1286 2401 tamen

211 2449 332 2518 Plauto
351 2449 574 2518 eruditiorem
594 2447 838 2531 arbitraberis,
859 2449 953 2537 quod
968 2448 1199 2518 Menandrum
1219 2447 1286 2517 sibi

212 2563 421 2633 imitandum
444 2562 662 2652 frequentius
687 2584 793 2653 quam
822 2569 956 2633 ceteros
981 2564 1222 2654 proposuerit;
1254 2577 1288 2635 et

212 2678 331 2749 nescio
351 2699 396 2749 an
424 2699 466 2749 ex
492 2679 669 2750 Ciceronis
692 2679 904 2764 testimonio,
930 2678 1139 2771 Synephebos
1158 2680 1286 2751 Caecilii

210 2796 309 2885 juxta
338 2796 489 2864 Terentii
523 2794 690 2863 Andriam
724 2796 899 2866 laudantis
919 2791 945 2881 ⁴,
980 2798 1152 2888 conjicere
1186 2796 1288 2866 liceat

214 2932 293 2982 eum
327 2913 584 3002 exemplaribus
612 2913 685 2984 suis
709 2914 846 2985 fidelius
879 2915 1033 2985 haesisse.
1065 2917 1150 2982 Eam
1180 2912 1288 2984 luisse

214 3047 353 3097 causam
387 3027 659 3098 existimandum
692 3035 744 3099 est
769 3050 831 3099 cur
856 3028 985 3098 Caecilii
1006 3027 1148 3110 fabulae,
1178 3045 1287 3114 quum

213 3144 365 3233 primum
407 3143 638 3232 prodierunt,
675 3165 693 3213 a
729 3165 833 3215 scena
871 3152 1007 3215 tantum
1047 3163 1118 3212 non
1158 3141 1290 3212 fuerint

214 3254 378 3330 exactae⁵.
397 3259 565 3345 Quamvis
576 3261 759 3330 Terentius
772 3261 807 3330 id
824 3262 891 3332 sibi
905 3261 1125 3352 propositum
1146 3258 1298 3354 dixerit:¹

355 3423 461 3498 Populo
472 3429 505 3483 ut
517 3424 661 3501 placerent
673 3441 742 3500 quas
755 3425 909 3503 scripsisset
922 3427 1030 3486 fabulas
1043 3429 1065 3500 ⁰,

216 3585 272 3656 ille
283 3591 530 3674 tamen,quum
546 3593 637 3657 esset
649 3586 820 3659 urbanius
834 3589 1096 3680 elegantiusque
1108 3584 1288 3674 ingenium

215 3703 378 3788 sortitus,
397 3702 492 3773 bonis
511 3702 670 3793 placere⁷
692 3708 907 3796 eruditisque
928 3706 1057 3795 potius,
1082 3721 1185 3792 (poam
1208 3719 1291 3769 con·

251 3904 259 3936 ¹
272 3906 371 3966 cosin,
382 3902 450 3967 prol.
469 3902 511 3954 lb.
521 3929 558 3939 -
568 3900 579 3931 ¹
589 3905 688 3963 cosin,
699 3903 766 3967 prol.
782 3906 824 3955 li.
835 3902 892 3941 -l
907 3905 938 3956 Α.
950 3903 1029 3964 Gell,
1042 3902 1074 3964 ll,
1091 3900 1134 3952 25.
1152 3896 1207 3936 -l
1221 3898 1290 3959 Cic„

215 3989 254 4044 De
277 3996 337 4056 opt.
360 4005 430 4054 oen,
453 3993 479 4043 6.
501 3989 562 4031 -l
583 3993 704 4055 Terent,
727 3997 847 4058 Hecyra,
866 3994 935 4057 prol.
962 3995 987 4045 7.
1004 3989 1069 4028 -θ
1092 3991 1165 4052 Ter„
1196 3991 1291 4050 Andr„

214 4080 282 4144 prol.
304 4083 329 4134 5.
339 4108 374 4119 -
385 4078 396 4112 ⁷
406 4082 527 4144 Terent,
544 4083 679 4144 Eunoen„
694 4082 761 4147 prol.
775 4085 808 4133 l:

342 4222 369 4272 Si
384 4221 528 4286 quisquam
543 4228 595 4284 est,
611 4222 659 4286 qui
673 4222 777 4287 placere
792 4237 820 4274 se
833 4221 960 4275 studeant
972 4220 1061 4284 bonis,
1073 4226 1126 4273 etc.
