3000 5220
643 411 838 481 ...54-

280 587 340 640 Non
355 587 544 640 matronarum
557 580 669 655 partlm
683 586 727 653 st,
743 579 792 638 sed
805 579 1004 653 meretricium,
1076 618 1080 626 -

281 672 353 732 Viris
366 671 473 744 alienis,
486 671 526 732 mi
539 670 592 744 vir,
604 669 842 733 subblandirier1.

210 846 431 917 Blandientes
445 853 561 917 autern
576 845 659 916 viris
674 845 796 915 alienis
809 845 983 930 mulieres,
996 852 1030 918 et
1043 849 1152 918 arnoni
1165 839 1282 924 faciles
1395 890 1400 914 :

211 965 378 1032 com‘oedia
403 963 578 1055 efflagitat.
609 962 777 1033 Matronis
801 969 917 1033 tarnen
942 963 1174 1060 ingenuisque
1205 988 1284 1042 rnu-

210 1079 354 1152 lieribus
369 1101 440 1150 non
453 1079 596 1151 omnino
607 1063 898 1167 abstinuit'poeta,
911 1100 1048 1170 easque,
1061 1082 1091 1149 si
1101 1084 1283 1155 Demaene-

209 1200 279 1265 teur
298 1203 332 1266 et
345 1189 551 1266 Nicobulum
565 1195 705 1287 cogites
725 1195 845 1268 mitius
863 1193 1284 1290 plerumquehonestius-

113 1344 116 1351 ·
210 1329 278 1397 que
301 1311 384 1380 viris
410 1309 544 1380 habuit.
573 1310 648 1381 Non
666 1310 980 1407 verolcoutendere
1007 1312 1119 1382 ausirn
1139 1314 1283 1384 omnino

211 1423 260 1495 eis
276 1411 435 1495 Plautum
457 1425 673 1514 pepercisse;
690 1426 789 1517 juvat
806 1423 966 1517 effingere
984 1419 1064 1500 dote
1083 1450 1146 1499 sua
1161 1451 1285 1526 super-

209 1542 284 1625 bas,
301 1564 430 1637 pronas
443 1543 485 1614 ad
497 1543 729 1626 irascendum,
743 1541 963 1628 obicientes,
982 1545 1119 1615 odiosas
1136 1544 1232 1632 viris,
1251 1557 1286 1618 et

115 1675 116 1679 ¹
210 1657 258 1726 ita
277 1655 313 1725 iu
336 1678 457 1730 ornnes
477 1664 639 1747 sumptus
657 1658 782 1729 effusas
810 1663 849 1728 ut
871 1679 963 1752 saepe
976 1658 1093 1748 [tendis
1111 1670 1285 1732 ewornutoe

205 1793 269 1860 per
284 1773 358 1844 olus
373 1771 566 1842 incedunt².
585 1774 695 1844 Pestis
711 1778 804 1857 sunt,
828 1778 862 1844 et
880 1764 1033 1843 molestia
1052 1774 1222 1870 quodum,
1247 1788 1287 1848 nt
1305 1810 1307 1814 ⁴

210 1886 336 1959 Metelli
355 1891 509 1963 censoris
525 1890 640 1962 verbis
653 1896 742 1973 utar,
760 1911 835 1957 cum
849 1906 917 1979 qun
930 1890 1016 1963 actia
1030 1890 1196 1964 commode
1214 1893 1287 1962 uiui

210 2025 278 2072 non
293 2001 445 2103 potest⁸;
472 2007 532 2075 sed
558 2000 727 2098 pudicitia
746 2027 865 2077 aarum
887 2003 923 2075 in
946 2010 1023 2077 tuto
1050 2015 1102 2081 est
1128 2015 1162 2081 et
1188 2011 1284 2084 ornni

209 2130 310 2190 vacat
332 2121 540 2210 suspicione.
571 2122 640 2190 Nec
660 2120 765 2203 enirn,
787 2121 816 2191 si
841 2111 925 2211 quid
945 2112 1169 2194 admisissent
1189 2126 1283 2215 quod

211 2237 328 2306 miuus
344 2239 495 2328 probum
515 2237 754 2327 pudicumque
773 2230 912 2321 luisset,
935 2239 1127 2309 tacuissent
1153 2241 1281 2324 mariti,

211 2353 339 2441 quihus
359 2355 446 2424 nihil
463 2358 533 2424 tarn
551 2353 646 2423 cordi
665 2360 727 2437 est,
752 2375 856 2443 quarn
875 2365 1000 2425 uxores
1016 2375 1098 2425 suas
1118 2355 1282 2426 omnihus

210 2470 349 2557 probris
377 2490 532 2550 onerare.
560 2472 691 2552 Immo,
719 2469 755 2537 in
776 2469 871 2545 hisce
891 2468 1036 2554 sabulis,
1057 2461 1118 2541 ubl
1143 2476 1283 2561 patrum
1358 2557 1362 2564 ,

211 2586 409 2670 auctoritas,
419 2587 530 2681 pietas
540 2586 703 2670 filiorum,
713 2587 933 2659 sanctissima
943 2567 1284 2661 et'v'erecuu'dissima

211 2711 358 2792 quaeque
378 2703 545 2773 dedecore
569 2699 720 2794 quodam
740 2703 993 2793 inquinantur,
1022 2694 1111 2775 nihil
1128 2725 1209 2774 vere
1228 2705 1284 2773 in·
1319 2762 1325 2768 .

211 2823 340 2889 tactum
358 2819 674 2908 intemeratumque
691 2827 809 2890 manet
834 2819 902 2890 nisi
922 2825 1162 2893 matronarum
1179 2820 1283 2910 pudi-

212 2932 302 3002 citia.
325 2935 450 3003 Ornnia
469 2934 634 3008 omnibus
656 2936 909 3014 conceduntur,

210 3131 231 3178 n-
281 3117 352 3172 Dum
366 3129 402 3172 ne
414 3129 465 3188 per
477 3111 595 3172 fundum
609 3119 719 3188 septum
731 3112 833 3172 faciant
846 3112 973 3173 semitam
985 3117 1006 3169 ⁴.

210 3301 423 3371 Mulctantur
444 3297 590 3371 adulteri
616 3299 772 3380 oninium
797 3319 986 3385 consensu,
1005 3321 1049 3371 ne
1067 3293 1126 3369 illo
1143 3300 1283 3389 quidem

214 3411 321 3510 (quod
342 3416 535 3489 mirabilius
550 3411 619 3510 est)
648 3424 883 3511 repugnante,
909 3420 952 3490 de
976 3415 1281 3513 quo'supplicium

210 3536 382 3619 sumitur;
398 3554 479 3603 narn
498 3542 532 3604 et
548 3535 753 3624 semetipsos
768 3536 849 3627 jure
874 3536 1009 3607 dedisse
1028 3555 1151 3624 poenas
1171 3533 1284 3605 laton-

209 3658 337 3737 teutur‚
349 3659 383 3722 et
399 3652 430 3720 ai
442 3652 489 3722 sic
506 3649 588 3720 aliis
604 3651 740 3724 nocuis
757 3651 850 3743 fieret
868 3651 983 3721 minus
996 3650 1201 3726 mendorum
1216 3651 1286 3739 sore

211 3763 443 3860 praedicanti.

258 3875 327 3957 Neo
348 3886 432 3956 satis
458 3884 579 3954 Plauto
598 3883 665 3954 fuit
682 3904 821 3953 ornnem
840 3906 859 3953 a
879 3885 1049 3958 matronis
1070 3874 1207 3979 culpam
1225 3865 1294 3960 ress

248 4109 256 4138 ¹
276 4111 375 4166 Corin,
385 4107 429 4168 111,
441 4105 574 4168 &il-³
584 4104 675 4169 Eptdl,
685 4104 717 4167 ΙΙ,
731 4105 758 4168 2,
770 4106 813 4156 ti.
829 4123 864 4147 -·
874 4105 885 4143 ⁸
895 4107 926 4158 Α.
939 4106 1018 4170 Geli,
1031 4105 1053 4169 1,
1063 4106 1127 4160 6.-
1138 4103 1148 4138 ⁸
1160 4101 1285 4166 Carent,

212 4197 232 4260 Ι,
249 4200 272 4256 1,
286 4198 329 4248 56.
341 4193 396 4233 -l
407 4197 484 4246 Miles
493 4195 574 4258 pior„
584 4195 615 4255 V,
631 4194 675 4244 ts.
